{
    "winner": "RandomPlayer 20",
    "seed": [
        59427,
        56134,
        27733,
        45232
    ],
    "turns": 114,
    "p1": "RandomPlayer 20",
    "p2": "RandomPlayer 19",
    "p1team": [
        {
            "name": "Garganacl",
            "species": "Garganacl",
            "gender": "",
            "shiny": false,
            "level": 80,
            "moves": [
                "recover",
                "saltcure",
                "protect",
                "earthquake"
            ],
            "ability": "Purifying Salt",
            "evs": {
                "hp": 85,
                "atk": 85,
                "def": 85,
                "spa": 85,
                "spd": 85,
                "spe": 85
            },
            "ivs": {
                "hp": 31,
                "atk": 31,
                "def": 31,
                "spa": 31,
                "spd": 31,
                "spe": 31
            },
            "item": "Leftovers",
            "teraType": "Ghost",
            "role": "Bulky Attacker"
        },
        {
            "name": "Drednaw",
            "species": "Drednaw",
            "gender": "",
            "shiny": false,
            "level": 80,
            "moves": [
                "earthquake",
                "stoneedge",
                "liquidation",
                "shellsmash"
            ],
            "ability": "Shell Armor",
            "evs": {
                "hp": 85,
                "atk": 85,
                "def": 85,
                "spa": 85,
                "spd": 85,
                "spe": 85
            },
            "ivs": {
                "hp": 31,
                "atk": 31,
                "def": 31,
                "spa": 31,
                "spd": 31,
                "spe": 31
            },
            "item": "White Herb",
            "teraType": "Ground",
            "role": "Setup Sweeper"
        },
        {
            "name": "Houndoom",
            "species": "Houndoom",
            "gender": "",
            "shiny": false,
            "level": 86,
            "moves": [
                "nastyplot",
                "darkpulse",
                "suckerpunch",
                "fireblast"
            ],
            "ability": "Flash Fire",
            "evs": {
                "hp": 85,
                "atk": 85,
                "def": 85,
                "spa": 85,
                "spd": 85,
                "spe": 85
            },
            "ivs": {
                "hp": 31,
                "atk": 31,
                "def": 31,
                "spa": 31,
                "spd": 31,
                "spe": 31
            },
            "item": "Heavy-Duty Boots",
            "teraType": "Dark",
            "role": "Fast Attacker"
        },
        {
            "name": "Landorus",
            "species": "Landorus",
            "gender": "M",
            "shiny": false,
            "level": 75,
            "moves": [
                "focusblast",
                "psychic",
                "rockslide",
                "earthpower"
            ],
            "ability": "Sheer Force",
            "evs": {
                "hp": 85,
                "atk": 85,
                "def": 85,
                "spa": 85,
                "spd": 85,
                "spe": 85
            },
            "ivs": {
                "hp": 31,
                "atk": 31,
                "def": 31,
                "spa": 31,
                "spd": 31,
                "spe": 31
            },
            "item": "Life Orb",
            "teraType": "Psychic",
            "role": "Fast Attacker"
        },
        {
            "name": "Medicham",
            "species": "Medicham",
            "gender": "",
            "shiny": false,
            "level": 86,
            "moves": [
                "zenheadbutt",
                "poisonjab",
                "closecombat",
                "icepunch"
            ],
            "ability": "Pure Power",
            "evs": {
                "hp": 85,
                "atk": 85,
                "def": 85,
                "spa": 85,
                "spd": 85,
                "spe": 85
            },
            "ivs": {
                "hp": 31,
                "atk": 31,
                "def": 31,
                "spa": 31,
                "spd": 31,
                "spe": 31
            },
            "item": "Choice Scarf",
            "teraType": "Fighting",
            "role": "Fast Attacker"
        },
        {
            "name": "Alcremie",
            "species": "Alcremie-Matcha-Cream",
            "gender": "F",
            "shiny": false,
            "level": 90,
            "moves": [
                "alluringvoice",
                "recover",
                "calmmind",
                "terablast"
            ],
            "ability": "Aroma Veil",
            "evs": {
                "hp": 85,
                "atk": 0,
                "def": 85,
                "spa": 85,
                "spd": 85,
                "spe": 85
            },
            "ivs": {
                "hp": 31,
                "atk": 0,
                "def": 31,
                "spa": 31,
                "spd": 31,
                "spe": 31
            },
            "item": "Leftovers",
            "teraType": "Ground",
            "role": "Tera Blast user"
        }
    ],
    "p2team": [
        {
            "name": "Regigigas",
            "species": "Regigigas",
            "gender": "N",
            "shiny": false,
            "level": 84,
            "moves": [
                "protect",
                "knockoff",
                "substitute",
                "bodyslam"
            ],
            "ability": "Slow Start",
            "evs": {
                "hp": 85,
                "atk": 85,
                "def": 85,
                "spa": 85,
                "spd": 85,
                "spe": 85
            },
            "ivs": {
                "hp": 31,
                "atk": 31,
                "def": 31,
                "spa": 31,
                "spd": 31,
                "spe": 31
            },
            "item": "Leftovers",
            "teraType": "Ghost",
            "role": "Bulky Attacker"
        },
        {
            "name": "Calyrex",
            "species": "Calyrex-Shadow",
            "gender": "N",
            "shiny": false,
            "level": 64,
            "moves": [
                "nastyplot",
                "pollenpuff",
                "psyshock",
                "astralbarrage"
            ],
            "ability": "As One (Spectrier)",
            "evs": {
                "hp": 85,
                "atk": 0,
                "def": 85,
                "spa": 85,
                "spd": 85,
                "spe": 85
            },
            "ivs": {
                "hp": 31,
                "atk": 0,
                "def": 31,
                "spa": 31,
                "spd": 31,
                "spe": 31
            },
            "item": "Life Orb",
            "teraType": "Ghost",
            "role": "Fast Attacker"
        },
        {
            "name": "Weezing",
            "species": "Weezing-Galar",
            "gender": "",
            "shiny": false,
            "level": 86,
            "moves": [
                "painsplit",
                "strangesteam",
                "defog",
                "gunkshot"
            ],
            "ability": "Levitate",
            "evs": {
                "hp": 85,
                "atk": 85,
                "def": 85,
                "spa": 85,
                "spd": 85,
                "spe": 85
            },
            "ivs": {
                "hp": 31,
                "atk": 31,
                "def": 31,
                "spa": 31,
                "spd": 31,
                "spe": 31
            },
            "item": "Leftovers",
            "teraType": "Steel",
            "role": "Bulky Support"
        },
        {
            "name": "Infernape",
            "species": "Infernape",
            "gender": "",
            "shiny": false,
            "level": 82,
            "moves": [
                "overheat",
                "stoneedge",
                "knockoff",
                "closecombat"
            ],
            "ability": "Blaze",
            "evs": {
                "hp": 85,
                "atk": 85,
                "def": 85,
                "spa": 85,
                "spd": 85,
                "spe": 85
            },
            "ivs": {
                "hp": 31,
                "atk": 31,
                "def": 31,
                "spa": 31,
                "spd": 31,
                "spe": 31
            },
            "item": "Life Orb",
            "teraType": "Dark",
            "role": "Fast Attacker"
        },
        {
            "name": "Cinderace",
            "species": "Cinderace",
            "gender": "",
            "shiny": false,
            "level": 77,
            "moves": [
                "pyroball",
                "courtchange",
                "gunkshot",
                "highjumpkick"
            ],
            "ability": "Libero",
            "evs": {
                "hp": 81,
                "atk": 85,
                "def": 85,
                "spa": 85,
                "spd": 85,
                "spe": 85
            },
            "ivs": {
                "hp": 31,
                "atk": 31,
                "def": 31,
                "spa": 31,
                "spd": 31,
                "spe": 31
            },
            "item": "Heavy-Duty Boots",
            "teraType": "Poison",
            "role": "Fast Attacker"
        },
        {
            "name": "Bombirdier",
            "species": "Bombirdier",
            "gender": "",
            "shiny": false,
            "level": 85,
            "moves": [
                "roost",
                "suckerpunch",
                "bravebird",
                "knockoff"
            ],
            "ability": "Big Pecks",
            "evs": {
                "hp": 85,
                "atk": 85,
                "def": 85,
                "spa": 85,
                "spd": 85,
                "spe": 85
            },
            "ivs": {
                "hp": 31,
                "atk": 31,
                "def": 31,
                "spa": 31,
                "spd": 31,
                "spe": 31
            },
            "item": "Heavy-Duty Boots",
            "teraType": "Steel",
            "role": "Bulky Support"
        }
    ],
    "score": [
        2,
        0
    ],
    "inputLog": [
        ">version 40d9c5fb874828a5ac5e80ab411b3f152e2a6b12",
        ">start {\"formatid\":\"gen9randombattle\",\"seed\":[59427,56134,27733,45232],\"rated\":\"Rated battle\"}",
        ">player p1 {\"name\":\"RandomPlayer 20\",\"avatar\":\"266\",\"rating\":1174,\"seed\":[8895,51284,38687,58745]}",
        ">player p2 {\"name\":\"RandomPlayer 19\",\"avatar\":\"170\",\"rating\":1075,\"seed\":[54022,7250,37537,48047]}",
        ">p1 switch 6",
        ">p2 move bodyslam",
        ">p1 move alluringvoice",
        ">p2 switch 4",
        ">p1 move alluringvoice terastallize",
        ">p2 switch 3",
        ">p1 switch 3",
        ">p2 move strangesteam",
        ">p1 switch 5",
        ">p2 move strangesteam",
        ">p1 switch 6",
        ">p2 switch 2",
        ">p1 move protect",
        ">p2 switch 4",
        ">p1 switch 6",
        ">p2 move knockoff terastallize",
        ">p1 switch 2",
        ">p1 switch 4",
        ">p2 move bodyslam",
        ">p1 move focusblast",
        ">p2 switch 2",
        ">p1 move psychic",
        ">p2 switch 2",
        ">p1 move focusblast",
        ">p2 move knockoff",
        ">p1 switch 5",
        ">p2 move substitute",
        ">p1 move suckerpunch",
        ">p2 move substitute",
        ">p1 move suckerpunch",
        ">p2 switch 2",
        ">p1 move suckerpunch",
        ">p2 move painsplit",
        ">p1 move fireblast",
        ">p2 move strangesteam",
        ">p1 switch 4",
        ">p2 switch 6",
        ">p1 move liquidation",
        ">p2 move bravebird",
        ">p1 switch 6",
        ">p2 switch 6",
        ">p1 move protect",
        ">p2 switch 4",
        ">p1 switch 3",
        ">p2 move psyshock",
        ">p1 move calmmind",
        ">p2 switch 3",
        ">p1 move calmmind",
        ">p2 switch 4",
        ">p1 switch 6",
        ">p2 switch 6",
        ">p1 switch 3",
        ">p2 switch 4",
        ">p1 move earthquake",
        ">p2 move knockoff",
        ">p2 switch 2",
        ">p1 move protect",
        ">p2 switch 6",
        ">p1 move recover",
        ">p2 move defog",
        ">p1 switch 3",
        ">p2 move strangesteam",
        ">p1 switch 6",
        ">p2 switch 6",
        ">p1 switch 4",
        ">p2 move bodyslam",
        ">p1 switch 3",
        ">p2 switch 5",
        ">p1 move recover",
        ">p2 switch 4",
        ">p1 switch 3",
        ">p2 move knockoff",
        ">p1 switch 4",
        ">p1 switch 5",
        ">p2 switch 6",
        ">p1 switch 3",
        ">p2 switch 5",
        ">p1 move earthquake",
        ">p2 switch 5",
        ">p1 move earthquake",
        ">p2 move strangesteam",
        ">p1 move saltcure",
        ">p2 move defog",
        ">p1 switch 6",
        ">p2 switch 4",
        ">p1 move earthquake",
        ">p2 move courtchange",
        ">p1 move earthquake",
        ">p2 switch 6",
        ">p1 move earthquake",
        ">p2 move bravebird",
        ">p1 move shellsmash",
        ">p2 switch 4",
        ">p1 switch 6",
        ">p2 switch 3",
        ">p1 switch 3",
        ">p2 move nastyplot",
        ">p1 move psychic",
        ">p2 move psyshock",
        ">p1 switch 6",
        ">p1 move liquidation",
        ">p2 move nastyplot",
        ">p1 switch 3",
        ">p2 switch 5",
        ">p1 switch 5",
        ">p2 switch 4",
        ">p1 switch 5",
        ">p2 move suckerpunch",
        ">p1 move earthquake",
        ">p2 move roost",
        ">p1 move earthquake",
        ">p2 move knockoff",
        ">p1 move saltcure",
        ">p2 switch 5",
        ">p2 switch 6",
        ">p1 switch 3",
        ">p2 switch 4",
        ">p1 switch 5",
        ">p2 move substitute",
        ">p1 switch 3",
        ">p2 move substitute",
        ">p1 move earthquake",
        ">p2 switch 3",
        ">p1 move protect",
        ">p2 move defog",
        ">p1 move earthquake",
        ">p2 switch 3",
        ">p1 switch 5",
        ">p2 switch 3",
        ">p1 move earthquake",
        ">p2 move painsplit",
        ">p1 move liquidation",
        ">p2 move defog",
        ">p1 switch 3",
        ">p2 switch 5",
        ">p1 move recover",
        ">p2 switch 5",
        ">p1 move alluringvoice",
        ">p2 switch 3",
        ">p1 switch 5",
        ">p2 move protect",
        ">p1 move recover",
        ">p2 move substitute",
        ">p1 switch 3",
        ">p2 move knockoff",
        ">p1 move liquidation",
        ">p2 move knockoff",
        ">p1 move earthquake",
        ">p2 switch 4",
        ">p2 switch 4",
        ">p1 switch 3",
        ">p2 switch 5",
        ">p1 switch 5",
        ">p2 move bravebird",
        ">p1 move calmmind",
        ">p2 switch 5",
        ">p1 move alluringvoice",
        ">p2 switch 5",
        ">p2 switch 5",
        ">p1 move terablast",
        ">p2 switch 3",
        ">p1 switch 5",
        ">p2 move strangesteam",
        ">p1 move earthquake",
        ">p2 move defog",
        ">p1 move recover",
        ">p2 move painsplit",
        ">p1 move recover",
        ">p2 move gunkshot",
        ">p1 switch 3",
        ">p2 move painsplit",
        ">p1 move liquidation",
        ">p2 move gunkshot",
        ">p1 switch 5",
        ">p2 move painsplit",
        ">p1 move alluringvoice",
        ">p2 move gunkshot",
        ">p1 switch 5",
        ">p2 move strangesteam",
        ">p1 switch 5",
        ">p1 move alluringvoice",
        ">p2 move painsplit",
        ">p1 move terablast",
        ">p2 switch 3",
        ">p1 move terablast",
        ">p2 move protect",
        ">p1 move recover",
        ">p2 move knockoff",
        ">p1 move calmmind",
        ">p2 move knockoff",
        ">p1 move terablast",
        ">p2 switch 3",
        ">p1 move recover",
        ">p2 move defog",
        ">p1 move recover",
        ">p2 move painsplit",
        ">p1 move calmmind",
        ">p2 move painsplit",
        ">p1 switch 3",
        ">p2 move gunkshot",
        ">p1 move earthquake",
        ">p2 move defog",
        ">p1 move earthquake",
        ">p2 move painsplit",
        ">p1 switch 3",
        ">p2 move strangesteam",
        ">p1 move calmmind",
        ">p2 move gunkshot",
        ">p1 move terablast",
        ">p2 move painsplit",
        ">p1 move calmmind",
        ">p2 move painsplit",
        ">p1 move recover",
        ">p2 move strangesteam",
        ">p1 move recover",
        ">p2 move painsplit",
        ">p1 move calmmind",
        ">p2 move defog",
        ">p1 move calmmind",
        ">p2 move gunkshot",
        ">p1 move calmmind",
        ">p2 move strangesteam",
        ">p1 move recover",
        ">p2 move painsplit",
        ">p1 move recover",
        ">p2 switch 3",
        ">p1 move terablast",
        ">p2 switch 3",
        ">p1 move calmmind",
        ">p2 switch 3",
        ">p1 move alluringvoice",
        ">p2 switch 3",
        ">p1 move alluringvoice",
        ">p2 move painsplit",
        ">p2 switch 3",
        ">p1 move alluringvoice",
        ">p2 move substitute"
    ],
    "log": [
        "|uhtml|medal-msg|<div class=\"broadcast-blue\">Curious what those medals under the avatar are? PS now has Ladder Seasons! For more information, check out the <a href=\"https://www.smogon.com/forums/threads/3740067/\">thread on Smogon.</a></div>",
        "|uhtml|medal-msg|<div class=\"broadcast-blue\">Curious what those medals under the avatar are? PS now has Ladder Seasons! For more information, check out the <a href=\"https://www.smogon.com/forums/threads/3740067/\">thread on Smogon.</a></div>",
        "|j|☆RandomPlayer 20",
        "|j|☆RandomPlayer 19",
        "|t:|1712781565",
        "|gametype|singles",
        "|player|p1|RandomPlayer 20|266|1174",
        "|player|p2|RandomPlayer 19|170|1075",
        "|teamsize|p1|6",
        "|teamsize|p2|6",
        "|gen|9",
        "|tier|[Gen 9] Random Battle",
        "|rated|",
        "|rule|Species Clause: Limit one of each Pokémon",
        "|rule|HP Percentage Mod: HP is shown in percentages",
        "|rule|Sleep Clause Mod: Limit one foe put to sleep",
        "|rule|Illusion Level Mod: Illusion disguises the Pokémon's true level",
        "|",
        "|t:|1712781565",
        "|start",
        "|switch|p1a: Garganacl|Garganacl, L80, M|291/291",
        "|switch|p2a: Regigigas|Regigigas, L84|322/322",
        "|-start|p2a: Regigigas|ability: Slow Start",
        "|turn|1",
        "|",
        "|t:|1712781565",
        "|switch|p1a: Alcremie|Alcremie-Matcha-Cream, L90, F|263/263",
        "|move|p2a: Regigigas|Body Slam|p1a: Alcremie",
        "|-damage|p1a: Alcremie|194/263",
        "|",
        "|-heal|p1a: Alcremie|210/263|[from] item: Leftovers",
        "|upkeep",
        "|turn|2",
        "|",
        "|t:|1712781565",
        "|-end|p2a: Regigigas|Slow Start|[silent]",
        "|switch|p2a: Infernape|Infernape, L82, M|259/259",
        "|move|p1a: Alcremie|Alluring Voice|p2a: Infernape",
        "|-damage|p2a: Infernape|135/259",
        "|",
        "|-heal|p1a: Alcremie|226/263|[from] item: Leftovers",
        "|upkeep",
        "|turn|3",
        "|",
        "|t:|1712781565",
        "|switch|p2a: Weezing|Weezing-Galar, L86, F|252/252",
        "|-terastallize|p1a: Alcremie|Ground",
        "|move|p1a: Alcremie|Alluring Voice|p2a: Weezing",
        "|-resisted|p2a: Weezing",
        "|-damage|p2a: Weezing|192/252",
        "|",
        "|-heal|p1a: Alcremie|242/263|[from] item: Leftovers",
        "|-heal|p2a: Weezing|207/252|[from] item: Leftovers",
        "|upkeep",
        "|turn|4",
        "|",
        "|t:|1712781565",
        "|switch|p1a: Houndoom|Houndoom, L86, F|269/269",
        "|move|p2a: Weezing|Strange Steam|p1a: Houndoom",
        "|-damage|p1a: Houndoom|172/269",
        "|",
        "|-heal|p2a: Weezing|222/252|[from] item: Leftovers",
        "|upkeep",
        "|turn|5",
        "|",
        "|t:|1712781565",
        "|switch|p1a: Medicham|Medicham, L86, F|243/243",
        "|move|p2a: Weezing|Strange Steam|p1a: Medicham",
        "|-supereffective|p1a: Medicham",
        "|-damage|p1a: Medicham|49/243",
        "|",
        "|-heal|p2a: Weezing|237/252|[from] item: Leftovers",
        "|upkeep",
        "|turn|6",
        "|",
        "|t:|1712781565",
        "|switch|p1a: Garganacl|Garganacl, L80, M|291/291",
        "|switch|p2a: Calyrex|Calyrex-Shadow, L64|235/235",
        "|-ability|p2a: Calyrex|As One",
        "|-ability|p2a: Calyrex|Unnerve",
        "|",
        "|upkeep",
        "|turn|7",
        "|",
        "|t:|1712781565",
        "|switch|p2a: Regigigas|Regigigas, L84|322/322",
        "|-start|p2a: Regigigas|ability: Slow Start",
        "|move|p1a: Garganacl|Protect||[still]",
        "|-fail|p1a: Garganacl",
        "|",
        "|upkeep",
        "|turn|8",
        "|",
        "|t:|1712781565",
        "|switch|p1a: Medicham|Medicham, L86, F|49/243",
        "|-terastallize|p2a: Regigigas|Ghost",
        "|move|p2a: Regigigas|Knock Off|p1a: Medicham",
        "|-damage|p1a: Medicham|0 fnt",
        "|-enditem|p1a: Medicham|Choice Scarf|[from] move: Knock Off|[of] p2a: Regigigas",
        "|faint|p1a: Medicham",
        "|",
        "|upkeep",
        "|",
        "|t:|1712781565",
        "|switch|p1a: Drednaw|Drednaw, L80, F|275/275",
        "|turn|9",
        "|",
        "|t:|1712781565",
        "|switch|p1a: Landorus|Landorus, L75, M|257/257",
        "|move|p2a: Regigigas|Body Slam|p1a: Landorus",
        "|-damage|p1a: Landorus|185/257",
        "|",
        "|upkeep",
        "|turn|10",
        "|",
        "|t:|1712781565",
        "|-end|p2a: Regigigas|Slow Start|[silent]",
        "|switch|p2a: Weezing|Weezing-Galar, L86, F|237/252",
        "|move|p1a: Landorus|Focus Blast|p2a: Weezing",
        "|-resisted|p2a: Weezing",
        "|-damage|p2a: Weezing|197/252",
        "|",
        "|-heal|p2a: Weezing|212/252|[from] item: Leftovers",
        "|upkeep",
        "|turn|11",
        "|",
        "|t:|1712781565",
        "|switch|p2a: Regigigas|Regigigas, L84, tera:Ghost|322/322",
        "|-start|p2a: Regigigas|ability: Slow Start",
        "|move|p1a: Landorus|Psychic|p2a: Regigigas",
        "|-damage|p2a: Regigigas|235/322",
        "|",
        "|-heal|p2a: Regigigas|255/322|[from] item: Leftovers",
        "|upkeep",
        "|turn|12",
        "|",
        "|t:|1712781565",
        "|move|p1a: Landorus|Focus Blast|p2a: Regigigas",
        "|-immune|p2a: Regigigas",
        "|move|p2a: Regigigas|Knock Off|p1a: Landorus",
        "|-damage|p1a: Landorus|124/257",
        "|-enditem|p1a: Landorus|Life Orb|[from] move: Knock Off|[of] p2a: Regigigas",
        "|",
        "|-heal|p2a: Regigigas|275/322|[from] item: Leftovers",
        "|upkeep",
        "|turn|13",
        "|",
        "|t:|1712781565",
        "|switch|p1a: Houndoom|Houndoom, L86, F|172/269",
        "|move|p2a: Regigigas|Substitute|p2a: Regigigas",
        "|-start|p2a: Regigigas|Substitute",
        "|-damage|p2a: Regigigas|195/322",
        "|",
        "|-heal|p2a: Regigigas|215/322|[from] item: Leftovers",
        "|upkeep",
        "|turn|14",
        "|",
        "|t:|1712781565",
        "|move|p1a: Houndoom|Sucker Punch||[still]",
        "|-fail|p1a: Houndoom",
        "|move|p2a: Regigigas|Substitute|p2a: Regigigas",
        "|-fail|p2a: Regigigas|move: Substitute",
        "|",
        "|-heal|p2a: Regigigas|235/322|[from] item: Leftovers",
        "|upkeep",
        "|turn|15",
        "|",
        "|t:|1712781565",
        "|-end|p2a: Regigigas|Slow Start|[silent]",
        "|switch|p2a: Weezing|Weezing-Galar, L86, F|212/252",
        "|move|p1a: Houndoom|Sucker Punch||[still]",
        "|-fail|p1a: Houndoom",
        "|",
        "|-heal|p2a: Weezing|227/252|[from] item: Leftovers",
        "|upkeep",
        "|turn|16",
        "|",
        "|t:|1712781565",
        "|move|p1a: Houndoom|Sucker Punch||[still]",
        "|-fail|p1a: Houndoom",
        "|move|p2a: Weezing|Pain Split|p1a: Houndoom",
        "|-sethp|p1a: Houndoom|199/269|[from] move: Pain Split|[silent]",
        "|-sethp|p2a: Weezing|199/252|[from] move: Pain Split",
        "|",
        "|-heal|p2a: Weezing|214/252|[from] item: Leftovers",
        "|upkeep",
        "|turn|17",
        "|",
        "|t:|1712781565",
        "|move|p1a: Houndoom|Fire Blast|p2a: Weezing",
        "|-damage|p2a: Weezing|72/252",
        "|move|p2a: Weezing|Strange Steam|p1a: Houndoom",
        "|-damage|p1a: Houndoom|106/269",
        "|",
        "|-heal|p2a: Weezing|87/252|[from] item: Leftovers",
        "|upkeep",
        "|turn|18",
        "|",
        "|t:|1712781565",
        "|switch|p1a: Drednaw|Drednaw, L80, F|275/275",
        "|switch|p2a: Bombirdier|Bombirdier, L85, F|258/258",
        "|",
        "|upkeep",
        "|turn|19",
        "|",
        "|t:|1712781565",
        "|move|p2a: Bombirdier|Brave Bird|p1a: Drednaw",
        "|-resisted|p1a: Drednaw",
        "|-damage|p1a: Drednaw|206/275",
        "|-damage|p2a: Bombirdier|235/258|[from] Recoil",
        "|move|p1a: Drednaw|Liquidation|p2a: Bombirdier",
        "|-damage|p2a: Bombirdier|144/258",
        "|",
        "|upkeep",
        "|turn|20",
        "|",
        "|t:|1712781565",
        "|switch|p2a: Weezing|Weezing-Galar, L86, F|87/252",
        "|switch|p1a: Garganacl|Garganacl, L80, M|291/291",
        "|",
        "|-heal|p2a: Weezing|102/252|[from] item: Leftovers",
        "|upkeep",
        "|turn|21",
        "|",
        "|t:|1712781565",
        "|switch|p2a: Calyrex|Calyrex-Shadow, L64|235/235",
        "|-ability|p2a: Calyrex|As One",
        "|-ability|p2a: Calyrex|Unnerve",
        "|move|p1a: Garganacl|Protect||[still]",
        "|-fail|p1a: Garganacl",
        "|",
        "|upkeep",
        "|turn|22",
        "|",
        "|t:|1712781565",
        "|switch|p1a: Alcremie|Alcremie-Matcha-Cream, L90, F, tera:Ground|242/263",
        "|move|p2a: Calyrex|Psyshock|p1a: Alcremie",
        "|-damage|p1a: Alcremie|143/263",
        "|-damage|p2a: Calyrex|212/235|[from] item: Life Orb",
        "|",
        "|-heal|p1a: Alcremie|159/263|[from] item: Leftovers",
        "|upkeep",
        "|turn|23",
        "|",
        "|t:|1712781565",
        "|switch|p2a: Infernape|Infernape, L82, M|135/259",
        "|move|p1a: Alcremie|Calm Mind|p1a: Alcremie",
        "|-boost|p1a: Alcremie|spa|1",
        "|-boost|p1a: Alcremie|spd|1",
        "|",
        "|-heal|p1a: Alcremie|175/263|[from] item: Leftovers",
        "|upkeep",
        "|turn|24",
        "|",
        "|t:|1712781565",
        "|switch|p2a: Weezing|Weezing-Galar, L86, F|102/252",
        "|move|p1a: Alcremie|Calm Mind|p1a: Alcremie",
        "|-boost|p1a: Alcremie|spa|1",
        "|-boost|p1a: Alcremie|spd|1",
        "|",
        "|-heal|p1a: Alcremie|191/263|[from] item: Leftovers",
        "|-heal|p2a: Weezing|117/252|[from] item: Leftovers",
        "|upkeep",
        "|turn|25",
        "|",
        "|t:|1712781565",
        "|switch|p1a: Drednaw|Drednaw, L80, F|206/275",
        "|switch|p2a: Bombirdier|Bombirdier, L85, F|144/258",
        "|",
        "|upkeep",
        "|turn|26",
        "|",
        "|t:|1712781565",
        "|switch|p2a: Infernape|Infernape, L82, M|135/259",
        "|switch|p1a: Garganacl|Garganacl, L80, M|291/291",
        "|",
        "|upkeep",
        "|turn|27",
        "|",
        "|t:|1712781565",
        "|move|p2a: Infernape|Knock Off|p1a: Garganacl",
        "|-damage|p1a: Garganacl|218/291",
        "|-enditem|p1a: Garganacl|Leftovers|[from] move: Knock Off|[of] p2a: Infernape",
        "|-damage|p2a: Infernape|110/259|[from] item: Life Orb",
        "|move|p1a: Garganacl|Earthquake|p2a: Infernape",
        "|-supereffective|p2a: Infernape",
        "|-damage|p2a: Infernape|0 fnt",
        "|faint|p2a: Infernape",
        "|",
        "|upkeep",
        "|",
        "|t:|1712781565",
        "|switch|p2a: Regigigas|Regigigas, L84, tera:Ghost|235/322",
        "|-start|p2a: Regigigas|ability: Slow Start",
        "|turn|28",
        "|",
        "|t:|1712781565",
        "|-end|p2a: Regigigas|Slow Start|[silent]",
        "|switch|p2a: Weezing|Weezing-Galar, L86, F|117/252",
        "|move|p1a: Garganacl|Protect||[still]",
        "|-fail|p1a: Garganacl",
        "|",
        "|-heal|p2a: Weezing|132/252|[from] item: Leftovers",
        "|upkeep",
        "|turn|29",
        "|",
        "|t:|1712781565",
        "|move|p2a: Weezing|Defog|p1a: Garganacl",
        "|-unboost|p1a: Garganacl|evasion|1",
        "|move|p1a: Garganacl|Recover|p1a: Garganacl",
        "|-heal|p1a: Garganacl|291/291",
        "|",
        "|-heal|p2a: Weezing|147/252|[from] item: Leftovers",
        "|upkeep",
        "|turn|30",
        "|",
        "|t:|1712781565",
        "|switch|p1a: Drednaw|Drednaw, L80, F|206/275",
        "|move|p2a: Weezing|Strange Steam|p1a: Drednaw",
        "|-damage|p1a: Drednaw|89/275",
        "|",
        "|-heal|p2a: Weezing|162/252|[from] item: Leftovers",
        "|upkeep",
        "|turn|31",
        "|",
        "|t:|1712781565",
        "|switch|p1a: Alcremie|Alcremie-Matcha-Cream, L90, F, tera:Ground|191/263",
        "|switch|p2a: Regigigas|Regigigas, L84, tera:Ghost|235/322",
        "|-start|p2a: Regigigas|ability: Slow Start",
        "|",
        "|-heal|p1a: Alcremie|207/263|[from] item: Leftovers",
        "|-heal|p2a: Regigigas|255/322|[from] item: Leftovers",
        "|upkeep",
        "|turn|32",
        "|",
        "|t:|1712781565",
        "|switch|p1a: Houndoom|Houndoom, L86, F|106/269",
        "|move|p2a: Regigigas|Body Slam|p1a: Houndoom",
        "|-damage|p1a: Houndoom|7/269",
        "|-status|p1a: Houndoom|par",
        "|",
        "|-heal|p2a: Regigigas|275/322|[from] item: Leftovers",
        "|upkeep",
        "|turn|33",
        "|",
        "|t:|1712781565",
        "|-end|p2a: Regigigas|Slow Start|[silent]",
        "|switch|p2a: Cinderace|Cinderace, L77, F|249/249",
        "|switch|p1a: Garganacl|Garganacl, L80, M|291/291",
        "|",
        "|upkeep",
        "|turn|34",
        "|",
        "|t:|1712781565",
        "|switch|p2a: Bombirdier|Bombirdier, L85, F|144/258",
        "|move|p1a: Garganacl|Recover||[still]",
        "|-fail|p1a: Garganacl|heal",
        "|",
        "|upkeep",
        "|turn|35",
        "|",
        "|t:|1712781565",
        "|switch|p1a: Houndoom|Houndoom, L86, F|7/269 par",
        "|move|p2a: Bombirdier|Knock Off|p1a: Houndoom",
        "|-resisted|p1a: Houndoom",
        "|-damage|p1a: Houndoom|0 fnt",
        "|-enditem|p1a: Houndoom|Heavy-Duty Boots|[from] move: Knock Off|[of] p2a: Bombirdier",
        "|faint|p1a: Houndoom",
        "|",
        "|upkeep",
        "|",
        "|t:|1712781565",
        "|switch|p1a: Alcremie|Alcremie-Matcha-Cream, L90, F, tera:Ground|207/263",
        "|turn|36",
        "|",
        "|t:|1712781565",
        "|switch|p2a: Weezing|Weezing-Galar, L86, F|162/252",
        "|switch|p1a: Landorus|Landorus, L75, M|124/257",
        "|",
        "|-heal|p2a: Weezing|177/252|[from] item: Leftovers",
        "|upkeep",
        "|turn|37",
        "|",
        "|t:|1712781565",
        "|switch|p1a: Garganacl|Garganacl, L80, M|291/291",
        "|switch|p2a: Regigigas|Regigigas, L84, tera:Ghost|275/322",
        "|-start|p2a: Regigigas|ability: Slow Start",
        "|",
        "|-heal|p2a: Regigigas|295/322|[from] item: Leftovers",
        "|upkeep",
        "|turn|38",
        "|",
        "|t:|1712781565",
        "|-end|p2a: Regigigas|Slow Start|[silent]",
        "|switch|p2a: Weezing|Weezing-Galar, L86, F|177/252",
        "|move|p1a: Garganacl|Earthquake|p2a: Weezing",
        "|-immune|p2a: Weezing|[from] ability: Levitate",
        "|",
        "|-heal|p2a: Weezing|192/252|[from] item: Leftovers",
        "|upkeep",
        "|turn|39",
        "|",
        "|t:|1712781565",
        "|move|p2a: Weezing|Strange Steam|p1a: Garganacl",
        "|-damage|p1a: Garganacl|200/291",
        "|-start|p1a: Garganacl|confusion",
        "|-activate|p1a: Garganacl|confusion",
        "|move|p1a: Garganacl|Earthquake|p2a: Weezing",
        "|-immune|p2a: Weezing|[from] ability: Levitate",
        "|",
        "|-heal|p2a: Weezing|207/252|[from] item: Leftovers",
        "|upkeep",
        "|turn|40",
        "|",
        "|t:|1712781565",
        "|move|p2a: Weezing|Defog|p1a: Garganacl",
        "|-unboost|p1a: Garganacl|evasion|1",
        "|-end|p1a: Garganacl|confusion",
        "|move|p1a: Garganacl|Salt Cure|p2a: Weezing",
        "|-damage|p2a: Weezing|174/252",
        "|-start|p2a: Weezing|Salt Cure",
        "|",
        "|-heal|p2a: Weezing|189/252|[from] item: Leftovers",
        "|-damage|p2a: Weezing|158/252|[from] Salt Cure",
        "|upkeep",
        "|turn|41",
        "|",
        "|t:|1712781565",
        "|switch|p2a: Cinderace|Cinderace, L77, F|249/249",
        "|switch|p1a: Drednaw|Drednaw, L80, F|89/275",
        "|",
        "|upkeep",
        "|turn|42",
        "|",
        "|t:|1712781565",
        "|move|p2a: Cinderace|Court Change||[still]",
        "|-start|p2a: Cinderace|typechange|Normal|[from] ability: Libero",
        "|-swapsideconditions",
        "|-fail|p2a: Cinderace",
        "|move|p1a: Drednaw|Earthquake|p2a: Cinderace",
        "|-damage|p2a: Cinderace|156/249",
        "|",
        "|upkeep",
        "|turn|43",
        "|",
        "|t:|1712781565",
        "|switch|p2a: Bombirdier|Bombirdier, L85, F|144/258",
        "|move|p1a: Drednaw|Earthquake|p2a: Bombirdier",
        "|-immune|p2a: Bombirdier",
        "|",
        "|upkeep",
        "|turn|44",
        "|",
        "|t:|1712781565",
        "|move|p2a: Bombirdier|Brave Bird|p1a: Drednaw",
        "|-resisted|p1a: Drednaw",
        "|-damage|p1a: Drednaw|17/275",
        "|-damage|p2a: Bombirdier|120/258|[from] Recoil",
        "|move|p1a: Drednaw|Earthquake|p2a: Bombirdier",
        "|-immune|p2a: Bombirdier",
        "|",
        "|upkeep",
        "|turn|45",
        "|",
        "|t:|1712781565",
        "|switch|p2a: Weezing|Weezing-Galar, L86, F|158/252",
        "|move|p1a: Drednaw|Shell Smash|p1a: Drednaw",
        "|-unboost|p1a: Drednaw|def|1",
        "|-unboost|p1a: Drednaw|spd|1",
        "|-boost|p1a: Drednaw|atk|2",
        "|-boost|p1a: Drednaw|spa|2",
        "|-boost|p1a: Drednaw|spe|2",
        "|-enditem|p1a: Drednaw|White Herb",
        "|-clearnegativeboost|p1a: Drednaw|[silent]",
        "|",
        "|-heal|p2a: Weezing|173/252|[from] item: Leftovers",
        "|upkeep",
        "|turn|46",
        "|",
        "|t:|1712781565",
        "|switch|p1a: Garganacl|Garganacl, L80, M|200/291",
        "|switch|p2a: Calyrex|Calyrex-Shadow, L64|212/235",
        "|-ability|p2a: Calyrex|As One",
        "|-ability|p2a: Calyrex|Unnerve",
        "|",
        "|upkeep",
        "|turn|47",
        "|",
        "|t:|1712781565",
        "|switch|p1a: Landorus|Landorus, L75, M|124/257",
        "|move|p2a: Calyrex|Nasty Plot|p2a: Calyrex",
        "|-boost|p2a: Calyrex|spa|2",
        "|",
        "|upkeep",
        "|turn|48",
        "|",
        "|t:|1712781565",
        "|move|p2a: Calyrex|Psyshock|p1a: Landorus",
        "|-damage|p1a: Landorus|0 fnt",
        "|faint|p1a: Landorus",
        "|-ability|p2a: Calyrex|Grim Neigh|boost",
        "|-boost|p2a: Calyrex|spa|1",
        "|-damage|p2a: Calyrex|189/235|[from] item: Life Orb",
        "|",
        "|upkeep",
        "|",
        "|t:|1712781565",
        "|switch|p1a: Drednaw|Drednaw, L80, F|17/275",
        "|turn|49",
        "|",
        "|t:|1712781565",
        "|move|p2a: Calyrex|Nasty Plot|p2a: Calyrex",
        "|-boost|p2a: Calyrex|spa|2",
        "|move|p1a: Drednaw|Liquidation|p2a: Calyrex",
        "|-damage|p2a: Calyrex|54/235",
        "|-unboost|p2a: Calyrex|def|1",
        "|",
        "|upkeep",
        "|turn|50",
        "|",
        "|t:|1712781565",
        "|switch|p2a: Regigigas|Regigigas, L84, tera:Ghost|295/322",
        "|-start|p2a: Regigigas|ability: Slow Start",
        "|switch|p1a: Garganacl|Garganacl, L80, M|200/291",
        "|",
        "|-heal|p2a: Regigigas|315/322|[from] item: Leftovers",
        "|upkeep",
        "|turn|51",
        "|",
        "|t:|1712781565",
        "|-end|p2a: Regigigas|Slow Start|[silent]",
        "|switch|p2a: Bombirdier|Bombirdier, L85, F|120/258",
        "|switch|p1a: Alcremie|Alcremie-Matcha-Cream, L90, F, tera:Ground|207/263",
        "|",
        "|-heal|p1a: Alcremie|223/263|[from] item: Leftovers",
        "|upkeep",
        "|turn|52",
        "|",
        "|t:|1712781565",
        "|switch|p1a: Garganacl|Garganacl, L80, M|200/291",
        "|move|p2a: Bombirdier|Sucker Punch||[still]",
        "|-fail|p2a: Bombirdier",
        "|",
        "|upkeep",
        "|turn|53",
        "|",
        "|t:|1712781565",
        "|move|p2a: Bombirdier|Roost|p2a: Bombirdier",
        "|-heal|p2a: Bombirdier|249/258",
        "|-singleturn|p2a: Bombirdier|move: Roost",
        "|move|p1a: Garganacl|Earthquake|p2a: Bombirdier",
        "|-crit|p2a: Bombirdier",
        "|-damage|p2a: Bombirdier|138/258",
        "|",
        "|upkeep",
        "|turn|54",
        "|",
        "|t:|1712781565",
        "|move|p2a: Bombirdier|Knock Off|p1a: Garganacl",
        "|-damage|p1a: Garganacl|139/291",
        "|move|p1a: Garganacl|Earthquake|p2a: Bombirdier",
        "|-immune|p2a: Bombirdier",
        "|",
        "|upkeep",
        "|turn|55",
        "|",
        "|t:|1712781565",
        "|switch|p2a: Calyrex|Calyrex-Shadow, L64|54/235",
        "|-ability|p2a: Calyrex|As One",
        "|-ability|p2a: Calyrex|Unnerve",
        "|move|p1a: Garganacl|Salt Cure|p2a: Calyrex",
        "|-damage|p2a: Calyrex|0 fnt",
        "|faint|p2a: Calyrex",
        "|",
        "|upkeep",
        "|",
        "|t:|1712781565",
        "|switch|p2a: Cinderace|Cinderace, L77, F|156/249",
        "|turn|56",
        "|",
        "|t:|1712781565",
        "|switch|p2a: Regigigas|Regigigas, L84, tera:Ghost|315/322",
        "|-start|p2a: Regigigas|ability: Slow Start",
        "|switch|p1a: Drednaw|Drednaw, L80, F|17/275",
        "|",
        "|-heal|p2a: Regigigas|322/322|[from] item: Leftovers",
        "|upkeep",
        "|turn|57",
        "|",
        "|t:|1712781565",
        "|switch|p1a: Alcremie|Alcremie-Matcha-Cream, L90, F, tera:Ground|223/263",
        "|move|p2a: Regigigas|Substitute|p2a: Regigigas",
        "|-start|p2a: Regigigas|Substitute",
        "|-damage|p2a: Regigigas|242/322",
        "|",
        "|-heal|p1a: Alcremie|239/263|[from] item: Leftovers",
        "|-heal|p2a: Regigigas|262/322|[from] item: Leftovers",
        "|upkeep",
        "|turn|58",
        "|",
        "|t:|1712781565",
        "|switch|p1a: Garganacl|Garganacl, L80, M|139/291",
        "|move|p2a: Regigigas|Substitute|p2a: Regigigas",
        "|-fail|p2a: Regigigas|move: Substitute",
        "|",
        "|-heal|p2a: Regigigas|282/322|[from] item: Leftovers",
        "|upkeep",
        "|turn|59",
        "|",
        "|t:|1712781565",
        "|-end|p2a: Regigigas|Slow Start|[silent]",
        "|switch|p2a: Weezing|Weezing-Galar, L86, F|173/252",
        "|move|p1a: Garganacl|Earthquake|p2a: Weezing",
        "|-immune|p2a: Weezing|[from] ability: Levitate",
        "|",
        "|-heal|p2a: Weezing|188/252|[from] item: Leftovers",
        "|upkeep",
        "|turn|60",
        "|",
        "|t:|1712781565",
        "|move|p1a: Garganacl|Protect|p1a: Garganacl",
        "|-singleturn|p1a: Garganacl|Protect",
        "|move|p2a: Weezing|Defog|p1a: Garganacl",
        "|-activate|p1a: Garganacl|move: Protect",
        "|",
        "|-heal|p2a: Weezing|203/252|[from] item: Leftovers",
        "|upkeep",
        "|turn|61",
        "|",
        "|t:|1712781565",
        "|switch|p2a: Regigigas|Regigigas, L84, tera:Ghost|282/322",
        "|-start|p2a: Regigigas|ability: Slow Start",
        "|move|p1a: Garganacl|Earthquake|p2a: Regigigas",
        "|-damage|p2a: Regigigas|224/322",
        "|",
        "|-heal|p2a: Regigigas|244/322|[from] item: Leftovers",
        "|upkeep",
        "|turn|62",
        "|",
        "|t:|1712781565",
        "|-end|p2a: Regigigas|Slow Start|[silent]",
        "|switch|p2a: Weezing|Weezing-Galar, L86, F|203/252",
        "|switch|p1a: Drednaw|Drednaw, L80, F|17/275",
        "|",
        "|-heal|p2a: Weezing|218/252|[from] item: Leftovers",
        "|upkeep",
        "|turn|63",
        "|",
        "|t:|1712781565",
        "|move|p1a: Drednaw|Earthquake|p2a: Weezing",
        "|-immune|p2a: Weezing|[from] ability: Levitate",
        "|move|p2a: Weezing|Pain Split|p1a: Drednaw",
        "|-sethp|p1a: Drednaw|117/275|[from] move: Pain Split|[silent]",
        "|-sethp|p2a: Weezing|117/252|[from] move: Pain Split",
        "|",
        "|-heal|p2a: Weezing|132/252|[from] item: Leftovers",
        "|upkeep",
        "|turn|64",
        "|",
        "|t:|1712781565",
        "|move|p1a: Drednaw|Liquidation|p2a: Weezing",
        "|-damage|p2a: Weezing|57/252",
        "|-unboost|p2a: Weezing|def|1",
        "|move|p2a: Weezing|Defog|p1a: Drednaw",
        "|-unboost|p1a: Drednaw|evasion|1",
        "|",
        "|-heal|p2a: Weezing|72/252|[from] item: Leftovers",
        "|upkeep",
        "|turn|65",
        "|",
        "|t:|1712781565",
        "|switch|p1a: Alcremie|Alcremie-Matcha-Cream, L90, F, tera:Ground|239/263",
        "|switch|p2a: Bombirdier|Bombirdier, L85, F|138/258",
        "|",
        "|-heal|p1a: Alcremie|255/263|[from] item: Leftovers",
        "|upkeep",
        "|turn|66",
        "|",
        "|t:|1712781565",
        "|switch|p2a: Weezing|Weezing-Galar, L86, F|72/252",
        "|move|p1a: Alcremie|Recover|p1a: Alcremie",
        "|-heal|p1a: Alcremie|263/263",
        "|",
        "|-heal|p2a: Weezing|87/252|[from] item: Leftovers",
        "|upkeep",
        "|turn|67",
        "|",
        "|t:|1712781565",
        "|switch|p2a: Regigigas|Regigigas, L84, tera:Ghost|244/322",
        "|-start|p2a: Regigigas|ability: Slow Start",
        "|move|p1a: Alcremie|Alluring Voice|p2a: Regigigas",
        "|-damage|p2a: Regigigas|154/322",
        "|",
        "|-heal|p2a: Regigigas|174/322|[from] item: Leftovers",
        "|upkeep",
        "|turn|68",
        "|",
        "|t:|1712781565",
        "|switch|p1a: Garganacl|Garganacl, L80, M|139/291",
        "|move|p2a: Regigigas|Protect||[still]",
        "|-fail|p2a: Regigigas",
        "|",
        "|-heal|p2a: Regigigas|194/322|[from] item: Leftovers",
        "|upkeep",
        "|turn|69",
        "|",
        "|t:|1712781565",
        "|move|p2a: Regigigas|Substitute|p2a: Regigigas",
        "|-start|p2a: Regigigas|Substitute",
        "|-damage|p2a: Regigigas|114/322",
        "|move|p1a: Garganacl|Recover|p1a: Garganacl",
        "|-heal|p1a: Garganacl|285/291",
        "|",
        "|-heal|p2a: Regigigas|134/322|[from] item: Leftovers",
        "|upkeep",
        "|turn|70",
        "|",
        "|t:|1712781565",
        "|switch|p1a: Drednaw|Drednaw, L80, F|117/275",
        "|move|p2a: Regigigas|Knock Off|p1a: Drednaw",
        "|-damage|p1a: Drednaw|83/275",
        "|",
        "|-heal|p2a: Regigigas|154/322|[from] item: Leftovers",
        "|upkeep",
        "|turn|71",
        "|",
        "|t:|1712781565",
        "|move|p1a: Drednaw|Liquidation|p2a: Regigigas",
        "|-end|p2a: Regigigas|Substitute",
        "|move|p2a: Regigigas|Knock Off|p1a: Drednaw",
        "|-damage|p1a: Drednaw|45/275",
        "|",
        "|-heal|p2a: Regigigas|174/322|[from] item: Leftovers",
        "|-end|p2a: Regigigas|Slow Start",
        "|upkeep",
        "|turn|72",
        "|",
        "|t:|1712781565",
        "|-end|p2a: Regigigas|Slow Start|[silent]",
        "|switch|p2a: Cinderace|Cinderace, L77, F|156/249",
        "|move|p1a: Drednaw|Earthquake|p2a: Cinderace",
        "|-supereffective|p2a: Cinderace",
        "|-damage|p2a: Cinderace|0 fnt",
        "|faint|p2a: Cinderace",
        "|",
        "|upkeep",
        "|",
        "|t:|1712781565",
        "|switch|p2a: Regigigas|Regigigas, L84, tera:Ghost|174/322",
        "|-start|p2a: Regigigas|ability: Slow Start",
        "|turn|73",
        "|",
        "|t:|1712781565",
        "|switch|p1a: Garganacl|Garganacl, L80, M|285/291",
        "|-end|p2a: Regigigas|Slow Start|[silent]",
        "|switch|p2a: Bombirdier|Bombirdier, L85, F|138/258",
        "|",
        "|upkeep",
        "|turn|74",
        "|",
        "|t:|1712781565",
        "|switch|p1a: Alcremie|Alcremie-Matcha-Cream, L90, F, tera:Ground|263/263",
        "|move|p2a: Bombirdier|Brave Bird|p1a: Alcremie",
        "|-damage|p1a: Alcremie|107/263",
        "|-damage|p2a: Bombirdier|87/258|[from] Recoil",
        "|",
        "|-heal|p1a: Alcremie|123/263|[from] item: Leftovers",
        "|upkeep",
        "|turn|75",
        "|",
        "|t:|1712781565",
        "|switch|p2a: Regigigas|Regigigas, L84, tera:Ghost|174/322",
        "|-start|p2a: Regigigas|ability: Slow Start",
        "|move|p1a: Alcremie|Calm Mind|p1a: Alcremie",
        "|-boost|p1a: Alcremie|spa|1",
        "|-boost|p1a: Alcremie|spd|1",
        "|",
        "|-heal|p1a: Alcremie|139/263|[from] item: Leftovers",
        "|-heal|p2a: Regigigas|194/322|[from] item: Leftovers",
        "|upkeep",
        "|turn|76",
        "|",
        "|t:|1712781565",
        "|-end|p2a: Regigigas|Slow Start|[silent]",
        "|switch|p2a: Bombirdier|Bombirdier, L85, F|87/258",
        "|move|p1a: Alcremie|Alluring Voice|p2a: Bombirdier",
        "|-supereffective|p2a: Bombirdier",
        "|-damage|p2a: Bombirdier|0 fnt",
        "|faint|p2a: Bombirdier",
        "|",
        "|-heal|p1a: Alcremie|155/263|[from] item: Leftovers",
        "|upkeep",
        "|",
        "|t:|1712781565",
        "|switch|p2a: Regigigas|Regigigas, L84, tera:Ghost|194/322",
        "|-start|p2a: Regigigas|ability: Slow Start",
        "|turn|77",
        "|",
        "|t:|1712781565",
        "|-end|p2a: Regigigas|Slow Start|[silent]",
        "|switch|p2a: Weezing|Weezing-Galar, L86, F|87/252",
        "|move|p1a: Alcremie|Tera Blast|p2a: Weezing|[anim] Tera Blast Ground",
        "|-immune|p2a: Weezing|[from] ability: Levitate",
        "|",
        "|-heal|p1a: Alcremie|171/263|[from] item: Leftovers",
        "|-heal|p2a: Weezing|102/252|[from] item: Leftovers",
        "|upkeep",
        "|turn|78",
        "|",
        "|t:|1712781565",
        "|switch|p1a: Garganacl|Garganacl, L80, M|285/291",
        "|move|p2a: Weezing|Strange Steam|p1a: Garganacl",
        "|-damage|p1a: Garganacl|197/291",
        "|",
        "|-heal|p2a: Weezing|117/252|[from] item: Leftovers",
        "|upkeep",
        "|turn|79",
        "|",
        "|t:|1712781565",
        "|move|p2a: Weezing|Defog|p1a: Garganacl",
        "|-unboost|p1a: Garganacl|evasion|1",
        "|move|p1a: Garganacl|Earthquake|p2a: Weezing",
        "|-immune|p2a: Weezing|[from] ability: Levitate",
        "|",
        "|-heal|p2a: Weezing|132/252|[from] item: Leftovers",
        "|upkeep",
        "|turn|80",
        "|",
        "|t:|1712781565",
        "|move|p2a: Weezing|Pain Split|p1a: Garganacl",
        "|-sethp|p1a: Garganacl|164/291|[from] move: Pain Split|[silent]",
        "|-sethp|p2a: Weezing|164/252|[from] move: Pain Split",
        "|move|p1a: Garganacl|Recover|p1a: Garganacl",
        "|-heal|p1a: Garganacl|291/291",
        "|",
        "|-heal|p2a: Weezing|179/252|[from] item: Leftovers",
        "|upkeep",
        "|turn|81",
        "|",
        "|t:|1712781565",
        "|move|p2a: Weezing|Gunk Shot|p1a: Garganacl",
        "|-resisted|p1a: Garganacl",
        "|-damage|p1a: Garganacl|246/291",
        "|move|p1a: Garganacl|Recover|p1a: Garganacl",
        "|-heal|p1a: Garganacl|291/291",
        "|",
        "|-heal|p2a: Weezing|194/252|[from] item: Leftovers",
        "|upkeep",
        "|turn|82",
        "|",
        "|t:|1712781565",
        "|switch|p1a: Drednaw|Drednaw, L80, F|45/275",
        "|move|p2a: Weezing|Pain Split|p1a: Drednaw",
        "|-sethp|p1a: Drednaw|119/275|[from] move: Pain Split|[silent]",
        "|-sethp|p2a: Weezing|119/252|[from] move: Pain Split",
        "|",
        "|-heal|p2a: Weezing|134/252|[from] item: Leftovers",
        "|upkeep",
        "|turn|83",
        "|",
        "|t:|1712781565",
        "|move|p1a: Drednaw|Liquidation|p2a: Weezing",
        "|-damage|p2a: Weezing|58/252",
        "|move|p2a: Weezing|Gunk Shot|p1a: Drednaw",
        "|-resisted|p1a: Drednaw",
        "|-damage|p1a: Drednaw|59/275",
        "|",
        "|-heal|p2a: Weezing|73/252|[from] item: Leftovers",
        "|upkeep",
        "|turn|84",
        "|",
        "|t:|1712781565",
        "|switch|p1a: Alcremie|Alcremie-Matcha-Cream, L90, F, tera:Ground|171/263",
        "|move|p2a: Weezing|Pain Split|p1a: Alcremie",
        "|-sethp|p1a: Alcremie|122/263|[from] move: Pain Split|[silent]",
        "|-sethp|p2a: Weezing|122/252|[from] move: Pain Split",
        "|",
        "|-heal|p1a: Alcremie|138/263|[from] item: Leftovers",
        "|-heal|p2a: Weezing|137/252|[from] item: Leftovers",
        "|upkeep",
        "|turn|85",
        "|",
        "|t:|1712781565",
        "|move|p1a: Alcremie|Alluring Voice|p2a: Weezing",
        "|-resisted|p2a: Weezing",
        "|-damage|p2a: Weezing|78/252",
        "|move|p2a: Weezing|Gunk Shot|p1a: Alcremie",
        "|-resisted|p1a: Alcremie",
        "|-damage|p1a: Alcremie|70/263",
        "|",
        "|-heal|p1a: Alcremie|86/263|[from] item: Leftovers",
        "|-heal|p2a: Weezing|93/252|[from] item: Leftovers",
        "|upkeep",
        "|turn|86",
        "|",
        "|t:|1712781565",
        "|switch|p1a: Drednaw|Drednaw, L80, F|59/275",
        "|move|p2a: Weezing|Strange Steam|p1a: Drednaw",
        "|-damage|p1a: Drednaw|0 fnt",
        "|faint|p1a: Drednaw",
        "|",
        "|-heal|p2a: Weezing|108/252|[from] item: Leftovers",
        "|upkeep",
        "|",
        "|t:|1712781565",
        "|switch|p1a: Alcremie|Alcremie-Matcha-Cream, L90, F, tera:Ground|86/263",
        "|turn|87",
        "|",
        "|t:|1712781565",
        "|move|p1a: Alcremie|Alluring Voice|p2a: Weezing",
        "|-resisted|p2a: Weezing",
        "|-damage|p2a: Weezing|45/252",
        "|move|p2a: Weezing|Pain Split|p1a: Alcremie",
        "|-sethp|p1a: Alcremie|65/263|[from] move: Pain Split|[silent]",
        "|-sethp|p2a: Weezing|65/252|[from] move: Pain Split",
        "|",
        "|-heal|p1a: Alcremie|81/263|[from] item: Leftovers",
        "|-heal|p2a: Weezing|80/252|[from] item: Leftovers",
        "|upkeep",
        "|turn|88",
        "|",
        "|t:|1712781565",
        "|switch|p2a: Regigigas|Regigigas, L84, tera:Ghost|194/322",
        "|-start|p2a: Regigigas|ability: Slow Start",
        "|move|p1a: Alcremie|Tera Blast|p2a: Regigigas|[anim] Tera Blast Ground",
        "|-damage|p2a: Regigigas|106/322",
        "|",
        "|-heal|p1a: Alcremie|97/263|[from] item: Leftovers",
        "|-heal|p2a: Regigigas|126/322|[from] item: Leftovers",
        "|upkeep",
        "|turn|89",
        "|",
        "|t:|1712781565",
        "|move|p2a: Regigigas|Protect|p2a: Regigigas",
        "|-singleturn|p2a: Regigigas|Protect",
        "|move|p1a: Alcremie|Tera Blast|p2a: Regigigas|[anim] Tera Blast Ground",
        "|-activate|p2a: Regigigas|move: Protect",
        "|",
        "|-heal|p1a: Alcremie|113/263|[from] item: Leftovers",
        "|-heal|p2a: Regigigas|146/322|[from] item: Leftovers",
        "|upkeep",
        "|turn|90",
        "|",
        "|t:|1712781565",
        "|move|p1a: Alcremie|Recover|p1a: Alcremie",
        "|-heal|p1a: Alcremie|245/263",
        "|move|p2a: Regigigas|Knock Off|p1a: Alcremie",
        "|-damage|p1a: Alcremie|191/263",
        "|-enditem|p1a: Alcremie|Leftovers|[from] move: Knock Off|[of] p2a: Regigigas",
        "|",
        "|-heal|p2a: Regigigas|166/322|[from] item: Leftovers",
        "|upkeep",
        "|turn|91",
        "|",
        "|t:|1712781565",
        "|move|p1a: Alcremie|Calm Mind|p1a: Alcremie",
        "|-boost|p1a: Alcremie|spa|1",
        "|-boost|p1a: Alcremie|spd|1",
        "|move|p2a: Regigigas|Knock Off|p1a: Alcremie",
        "|-damage|p1a: Alcremie|157/263",
        "|",
        "|-heal|p2a: Regigigas|186/322|[from] item: Leftovers",
        "|upkeep",
        "|turn|92",
        "|",
        "|t:|1712781565",
        "|-end|p2a: Regigigas|Slow Start|[silent]",
        "|switch|p2a: Weezing|Weezing-Galar, L86, F|80/252",
        "|move|p1a: Alcremie|Tera Blast|p2a: Weezing|[anim] Tera Blast Ground",
        "|-immune|p2a: Weezing|[from] ability: Levitate",
        "|",
        "|-heal|p2a: Weezing|95/252|[from] item: Leftovers",
        "|upkeep",
        "|turn|93",
        "|",
        "|t:|1712781565",
        "|move|p1a: Alcremie|Recover|p1a: Alcremie",
        "|-heal|p1a: Alcremie|263/263",
        "|move|p2a: Weezing|Defog|p1a: Alcremie",
        "|-unboost|p1a: Alcremie|evasion|1",
        "|",
        "|-heal|p2a: Weezing|110/252|[from] item: Leftovers",
        "|upkeep",
        "|turn|94",
        "|",
        "|t:|1712781565",
        "|move|p1a: Alcremie|Recover||[still]",
        "|-fail|p1a: Alcremie|heal",
        "|move|p2a: Weezing|Pain Split|p1a: Alcremie",
        "|-sethp|p1a: Alcremie|186/263|[from] move: Pain Split|[silent]",
        "|-sethp|p2a: Weezing|186/252|[from] move: Pain Split",
        "|",
        "|-heal|p2a: Weezing|201/252|[from] item: Leftovers",
        "|upkeep",
        "|turn|95",
        "|",
        "|t:|1712781565",
        "|move|p1a: Alcremie|Calm Mind|p1a: Alcremie",
        "|-boost|p1a: Alcremie|spa|1",
        "|-boost|p1a: Alcremie|spd|1",
        "|move|p2a: Weezing|Pain Split|p1a: Alcremie",
        "|-sethp|p1a: Alcremie|193/263|[from] move: Pain Split|[silent]",
        "|-sethp|p2a: Weezing|193/252|[from] move: Pain Split",
        "|",
        "|-heal|p2a: Weezing|208/252|[from] item: Leftovers",
        "|upkeep",
        "|turn|96",
        "|",
        "|t:|1712781565",
        "|switch|p1a: Garganacl|Garganacl, L80, M|291/291",
        "|move|p2a: Weezing|Gunk Shot|p1a: Garganacl|[miss]",
        "|-miss|p2a: Weezing|p1a: Garganacl",
        "|",
        "|-heal|p2a: Weezing|223/252|[from] item: Leftovers",
        "|upkeep",
        "|turn|97",
        "|",
        "|t:|1712781565",
        "|move|p2a: Weezing|Defog|p1a: Garganacl",
        "|-unboost|p1a: Garganacl|evasion|1",
        "|move|p1a: Garganacl|Earthquake|p2a: Weezing",
        "|-immune|p2a: Weezing|[from] ability: Levitate",
        "|",
        "|-heal|p2a: Weezing|238/252|[from] item: Leftovers",
        "|upkeep",
        "|turn|98",
        "|",
        "|t:|1712781565",
        "|move|p2a: Weezing|Pain Split|p1a: Garganacl",
        "|-sethp|p1a: Garganacl|264/291|[from] move: Pain Split|[silent]",
        "|-sethp|p2a: Weezing|252/252|[from] move: Pain Split",
        "|move|p1a: Garganacl|Earthquake|p2a: Weezing",
        "|-immune|p2a: Weezing|[from] ability: Levitate",
        "|",
        "|upkeep",
        "|turn|99",
        "|",
        "|t:|1712781565",
        "|switch|p1a: Alcremie|Alcremie-Matcha-Cream, L90, F, tera:Ground|193/263",
        "|move|p2a: Weezing|Strange Steam|p1a: Alcremie",
        "|-damage|p1a: Alcremie|129/263",
        "|",
        "|upkeep",
        "|turn|100",
        "|",
        "|t:|1712781565",
        "|move|p1a: Alcremie|Calm Mind|p1a: Alcremie",
        "|-boost|p1a: Alcremie|spa|1",
        "|-boost|p1a: Alcremie|spd|1",
        "|move|p2a: Weezing|Gunk Shot|p1a: Alcremie|[miss]",
        "|-miss|p2a: Weezing|p1a: Alcremie",
        "|",
        "|upkeep",
        "|turn|101",
        "|",
        "|t:|1712781565",
        "|move|p1a: Alcremie|Tera Blast|p2a: Weezing|[anim] Tera Blast Ground",
        "|-immune|p2a: Weezing|[from] ability: Levitate",
        "|move|p2a: Weezing|Pain Split|p1a: Alcremie",
        "|-sethp|p1a: Alcremie|190/263|[from] move: Pain Split|[silent]",
        "|-sethp|p2a: Weezing|190/252|[from] move: Pain Split",
        "|",
        "|-heal|p2a: Weezing|205/252|[from] item: Leftovers",
        "|upkeep",
        "|turn|102",
        "|",
        "|t:|1712781565",
        "|move|p1a: Alcremie|Calm Mind|p1a: Alcremie",
        "|-boost|p1a: Alcremie|spa|1",
        "|-boost|p1a: Alcremie|spd|1",
        "|move|p2a: Weezing|Pain Split|p1a: Alcremie",
        "|-sethp|p1a: Alcremie|197/263|[from] move: Pain Split|[silent]",
        "|-sethp|p2a: Weezing|197/252|[from] move: Pain Split",
        "|",
        "|-heal|p2a: Weezing|212/252|[from] item: Leftovers",
        "|upkeep",
        "|turn|103",
        "|",
        "|t:|1712781565",
        "|move|p1a: Alcremie|Recover|p1a: Alcremie",
        "|-heal|p1a: Alcremie|263/263",
        "|move|p2a: Weezing|Strange Steam|p1a: Alcremie",
        "|-damage|p1a: Alcremie|230/263",
        "|",
        "|-heal|p2a: Weezing|227/252|[from] item: Leftovers",
        "|upkeep",
        "|turn|104",
        "|",
        "|t:|1712781565",
        "|move|p1a: Alcremie|Recover|p1a: Alcremie",
        "|-heal|p1a: Alcremie|263/263",
        "|move|p2a: Weezing|Pain Split|p1a: Alcremie",
        "|-sethp|p1a: Alcremie|245/263|[from] move: Pain Split|[silent]",
        "|-sethp|p2a: Weezing|245/252|[from] move: Pain Split",
        "|",
        "|-heal|p2a: Weezing|252/252|[from] item: Leftovers",
        "|upkeep",
        "|turn|105",
        "|",
        "|t:|1712781565",
        "|move|p1a: Alcremie|Calm Mind|p1a: Alcremie",
        "|-boost|p1a: Alcremie|spa|1",
        "|-boost|p1a: Alcremie|spd|1",
        "|move|p2a: Weezing|Defog|p1a: Alcremie",
        "|-unboost|p1a: Alcremie|evasion|1",
        "|",
        "|upkeep",
        "|turn|106",
        "|",
        "|t:|1712781565",
        "|move|p1a: Alcremie|Calm Mind|p1a: Alcremie",
        "|-boost|p1a: Alcremie|spa|1",
        "|-boost|p1a: Alcremie|spd|1",
        "|move|p2a: Weezing|Gunk Shot|p1a: Alcremie",
        "|-resisted|p1a: Alcremie",
        "|-damage|p1a: Alcremie|180/263",
        "|",
        "|upkeep",
        "|turn|107",
        "|",
        "|t:|1712781565",
        "|move|p1a: Alcremie|Calm Mind|p1a: Alcremie",
        "|-boost|p1a: Alcremie|spa|1",
        "|-boost|p1a: Alcremie|spd|1",
        "|move|p2a: Weezing|Strange Steam|p1a: Alcremie",
        "|-damage|p1a: Alcremie|161/263",
        "|",
        "|upkeep",
        "|turn|108",
        "|",
        "|t:|1712781565",
        "|move|p1a: Alcremie|Recover|p1a: Alcremie",
        "|-heal|p1a: Alcremie|263/263",
        "|move|p2a: Weezing|Pain Split|p1a: Alcremie",
        "|-sethp|p1a: Alcremie|257/263|[from] move: Pain Split|[silent]",
        "|-sethp|p2a: Weezing|252/252|[from] move: Pain Split",
        "|",
        "|upkeep",
        "|turn|109",
        "|",
        "|t:|1712781565",
        "|switch|p2a: Regigigas|Regigigas, L84, tera:Ghost|186/322",
        "|-start|p2a: Regigigas|ability: Slow Start",
        "|move|p1a: Alcremie|Recover|p1a: Alcremie",
        "|-heal|p1a: Alcremie|263/263",
        "|",
        "|-heal|p2a: Regigigas|206/322|[from] item: Leftovers",
        "|upkeep",
        "|turn|110",
        "|",
        "|t:|1712781565",
        "|-end|p2a: Regigigas|Slow Start|[silent]",
        "|switch|p2a: Weezing|Weezing-Galar, L86, F|252/252",
        "|move|p1a: Alcremie|Tera Blast|p2a: Weezing|[anim] Tera Blast Ground",
        "|-immune|p2a: Weezing|[from] ability: Levitate",
        "|",
        "|upkeep",
        "|turn|111",
        "|",
        "|t:|1712781565",
        "|switch|p2a: Regigigas|Regigigas, L84, tera:Ghost|206/322",
        "|-start|p2a: Regigigas|ability: Slow Start",
        "|move|p1a: Alcremie|Calm Mind|p1a: Alcremie",
        "|-boost|p1a: Alcremie|spa|1",
        "|-boost|p1a: Alcremie|spd|1",
        "|",
        "|-heal|p2a: Regigigas|226/322|[from] item: Leftovers",
        "|upkeep",
        "|turn|112",
        "|",
        "|t:|1712781565",
        "|-end|p2a: Regigigas|Slow Start|[silent]",
        "|switch|p2a: Weezing|Weezing-Galar, L86, F|252/252",
        "|move|p1a: Alcremie|Alluring Voice|p2a: Weezing",
        "|-resisted|p2a: Weezing",
        "|-damage|p2a: Weezing|6/252",
        "|",
        "|-heal|p2a: Weezing|21/252|[from] item: Leftovers",
        "|upkeep",
        "|turn|113",
        "|",
        "|t:|1712781565",
        "|move|p1a: Alcremie|Alluring Voice|p2a: Weezing",
        "|-resisted|p2a: Weezing",
        "|-crit|p2a: Weezing",
        "|-damage|p2a: Weezing|0 fnt",
        "|faint|p2a: Weezing",
        "|",
        "|upkeep",
        "|",
        "|t:|1712781565",
        "|switch|p2a: Regigigas|Regigigas, L84, tera:Ghost|226/322",
        "|-start|p2a: Regigigas|ability: Slow Start",
        "|turn|114",
        "|",
        "|t:|1712781565",
        "|move|p1a: Alcremie|Alluring Voice|p2a: Regigigas",
        "|-damage|p2a: Regigigas|0 fnt",
        "|faint|p2a: Regigigas",
        "|-end|p2a: Regigigas|Slow Start|[silent]",
        "|",
        "|win|RandomPlayer 20",
        "|raw|RandomPlayer 20's rating: 1174 &rarr; <strong>1194</strong><br />(+20 for winning)",
        "|raw|RandomPlayer 19's rating: 1075 &rarr; <strong>1066</strong><br />(-9 for losing)",
        ""
    ],
    "p1rating": 1194.0040339504842,
    "p2rating": 1066.3799911612439,
    "endType": "normal",
    "timestamp": "Wed Apr 10 2024 13:39:25 GMT-0700 (Pacific Daylight Time)",
    "roomid": "battle-gen9randombattle-721",
    "format": "gen9randombattle"
}
