{
    "winner": "RandomPlayer 19",
    "seed": [
        33875,
        54509,
        57337,
        32100
    ],
    "turns": 118,
    "p1": "RandomPlayer 19",
    "p2": "RandomPlayer 20",
    "p1team": [
        {
            "name": "Pincurchin",
            "species": "Pincurchin",
            "gender": "",
            "shiny": false,
            "level": 99,
            "moves": [
                "curse",
                "zingzap",
                "liquidation",
                "recover"
            ],
            "ability": "Electric Surge",
            "evs": {
                "hp": 85,
                "atk": 85,
                "def": 85,
                "spa": 85,
                "spd": 85,
                "spe": 85
            },
            "ivs": {
                "hp": 31,
                "atk": 31,
                "def": 31,
                "spa": 31,
                "spd": 31,
                "spe": 31
            },
            "item": "Leftovers",
            "teraType": "Water",
            "role": "Bulky Setup"
        },
        {
            "name": "Drednaw",
            "species": "Drednaw",
            "gender": "",
            "shiny": false,
            "level": 80,
            "moves": [
                "stoneedge",
                "earthquake",
                "shellsmash",
                "liquidation"
            ],
            "ability": "Shell Armor",
            "evs": {
                "hp": 85,
                "atk": 85,
                "def": 85,
                "spa": 85,
                "spd": 85,
                "spe": 85
            },
            "ivs": {
                "hp": 31,
                "atk": 31,
                "def": 31,
                "spa": 31,
                "spd": 31,
                "spe": 31
            },
            "item": "White Herb",
            "teraType": "Ground",
            "role": "Setup Sweeper"
        },
        {
            "name": "Ditto",
            "species": "Ditto",
            "gender": "N",
            "shiny": false,
            "level": 87,
            "moves": [
                "transform"
            ],
            "ability": "Imposter",
            "evs": {
                "hp": 85,
                "atk": 85,
                "def": 85,
                "spa": 85,
                "spd": 85,
                "spe": 85
            },
            "ivs": {
                "hp": 31,
                "atk": 31,
                "def": 31,
                "spa": 31,
                "spd": 31,
                "spe": 31
            },
            "item": "Choice Scarf",
            "teraType": "Rock",
            "role": "Fast Support"
        },
        {
            "name": "Sylveon",
            "species": "Sylveon",
            "gender": "",
            "shiny": false,
            "level": 84,
            "moves": [
                "calmmind",
                "wish",
                "hypervoice",
                "protect"
            ],
            "ability": "Pixilate",
            "evs": {
                "hp": 85,
                "atk": 0,
                "def": 85,
                "spa": 85,
                "spd": 85,
                "spe": 85
            },
            "ivs": {
                "hp": 31,
                "atk": 0,
                "def": 31,
                "spa": 31,
                "spd": 31,
                "spe": 31
            },
            "item": "Leftovers",
            "teraType": "Steel",
            "role": "Bulky Setup"
        },
        {
            "name": "Heracross",
            "species": "Heracross",
            "gender": "",
            "shiny": false,
            "level": 80,
            "moves": [
                "trailblaze",
                "facade",
                "closecombat",
                "knockoff"
            ],
            "ability": "Guts",
            "evs": {
                "hp": 85,
                "atk": 85,
                "def": 85,
                "spa": 85,
                "spd": 85,
                "spe": 85
            },
            "ivs": {
                "hp": 31,
                "atk": 31,
                "def": 31,
                "spa": 31,
                "spd": 31,
                "spe": 31
            },
            "item": "Flame Orb",
            "teraType": "Normal",
            "role": "Setup Sweeper"
        },
        {
            "name": "Perrserker",
            "species": "Perrserker",
            "gender": "",
            "shiny": false,
            "level": 89,
            "moves": [
                "knockoff",
                "ironhead",
                "stealthrock",
                "closecombat"
            ],
            "ability": "Steely Spirit",
            "evs": {
                "hp": 85,
                "atk": 85,
                "def": 85,
                "spa": 85,
                "spd": 85,
                "spe": 85
            },
            "ivs": {
                "hp": 31,
                "atk": 31,
                "def": 31,
                "spa": 31,
                "spd": 31,
                "spe": 31
            },
            "item": "Life Orb",
            "teraType": "Steel",
            "role": "Wallbreaker"
        }
    ],
    "p2team": [
        {
            "name": "Spiritomb",
            "species": "Spiritomb",
            "gender": "",
            "shiny": false,
            "level": 90,
            "moves": [
                "poltergeist",
                "suckerpunch",
                "willowisp",
                "foulplay"
            ],
            "ability": "Infiltrator",
            "evs": {
                "hp": 85,
                "atk": 85,
                "def": 85,
                "spa": 85,
                "spd": 85,
                "spe": 85
            },
            "ivs": {
                "hp": 31,
                "atk": 31,
                "def": 31,
                "spa": 31,
                "spd": 31,
                "spe": 31
            },
            "item": "Leftovers",
            "teraType": "Ghost",
            "role": "Bulky Attacker"
        },
        {
            "name": "Dragapult",
            "species": "Dragapult",
            "gender": "",
            "shiny": false,
            "level": 77,
            "moves": [
                "shadowball",
                "thunderbolt",
                "dracometeor",
                "fireblast"
            ],
            "ability": "Infiltrator",
            "evs": {
                "hp": 85,
                "atk": 0,
                "def": 85,
                "spa": 85,
                "spd": 85,
                "spe": 85
            },
            "ivs": {
                "hp": 31,
                "atk": 0,
                "def": 31,
                "spa": 31,
                "spd": 31,
                "spe": 31
            },
            "item": "Choice Specs",
            "teraType": "Dragon",
            "role": "Fast Attacker"
        },
        {
            "name": "Avalugg",
            "species": "Avalugg",
            "gender": "",
            "shiny": false,
            "level": 87,
            "moves": [
                "bodypress",
                "avalanche",
                "recover",
                "rapidspin"
            ],
            "ability": "Sturdy",
            "evs": {
                "hp": 85,
                "atk": 85,
                "def": 85,
                "spa": 85,
                "spd": 85,
                "spe": 85
            },
            "ivs": {
                "hp": 31,
                "atk": 31,
                "def": 31,
                "spa": 31,
                "spd": 31,
                "spe": 31
            },
            "item": "Heavy-Duty Boots",
            "teraType": "Fighting",
            "role": "Bulky Support"
        },
        {
            "name": "Amoonguss",
            "species": "Amoonguss",
            "gender": "",
            "shiny": false,
            "level": 82,
            "moves": [
                "spore",
                "sludgebomb",
                "gigadrain",
                "clearsmog"
            ],
            "ability": "Regenerator",
            "evs": {
                "hp": 85,
                "atk": 0,
                "def": 85,
                "spa": 85,
                "spd": 85,
                "spe": 85
            },
            "ivs": {
                "hp": 31,
                "atk": 0,
                "def": 31,
                "spa": 31,
                "spd": 31,
                "spe": 31
            },
            "item": "Rocky Helmet",
            "teraType": "Steel",
            "role": "Bulky Support"
        },
        {
            "name": "Clawitzer",
            "species": "Clawitzer",
            "gender": "",
            "shiny": false,
            "level": 86,
            "moves": [
                "aurasphere",
                "darkpulse",
                "uturn",
                "waterpulse"
            ],
            "ability": "Mega Launcher",
            "evs": {
                "hp": 85,
                "atk": 85,
                "def": 85,
                "spa": 85,
                "spd": 85,
                "spe": 85
            },
            "ivs": {
                "hp": 31,
                "atk": 31,
                "def": 31,
                "spa": 31,
                "spd": 31,
                "spe": 31
            },
            "item": "Choice Specs",
            "teraType": "Dark",
            "role": "Wallbreaker"
        },
        {
            "name": "Dachsbun",
            "species": "Dachsbun",
            "gender": "",
            "shiny": false,
            "level": 91,
            "moves": [
                "protect",
                "bodypress",
                "playrough",
                "wish"
            ],
            "ability": "Well-Baked Body",
            "evs": {
                "hp": 85,
                "atk": 85,
                "def": 85,
                "spa": 85,
                "spd": 85,
                "spe": 85
            },
            "ivs": {
                "hp": 31,
                "atk": 31,
                "def": 31,
                "spa": 31,
                "spd": 31,
                "spe": 31
            },
            "item": "Leftovers",
            "teraType": "Steel",
            "role": "Bulky Support"
        }
    ],
    "score": [
        1,
        0
    ],
    "inputLog": [
        ">version 40d9c5fb874828a5ac5e80ab411b3f152e2a6b12",
        ">start {\"formatid\":\"gen9randombattle\",\"seed\":[33875,54509,57337,32100],\"rated\":\"Rated battle\"}",
        ">player p1 {\"name\":\"RandomPlayer 19\",\"avatar\":\"1\",\"rating\":1052,\"seed\":[1383,13515,12666,10041]}",
        ">player p2 {\"name\":\"RandomPlayer 20\",\"avatar\":\"2\",\"rating\":1220,\"seed\":[15126,61981,330,35128]}",
        ">p1 switch 5",
        ">p2 move willowisp",
        ">p1 switch 2",
        ">p2 move poltergeist terastallize",
        ">p1 move shellsmash",
        ">p2 switch 5",
        ">p1 switch 5",
        ">p2 switch 2",
        ">p1 switch 2",
        ">p2 move dracometeor",
        ">p1 switch 3",
        ">p2 switch 5",
        ">p1 move suckerpunch terastallize",
        ">p2 switch 5",
        ">p1 switch 6",
        ">p2 move shadowball",
        ">p1 switch 3",
        ">p2 move shadowball",
        ">p1 move facade",
        ">p2 switch 4",
        ">p1 move trailblaze",
        ">p2 switch 4",
        ">p1 switch 3",
        ">p2 switch 3",
        ">p1 move closecombat",
        ">p2 switch 3",
        ">p1 switch 3",
        ">p2 switch 3",
        ">p1 switch 3",
        ">p2 switch 4",
        ">p1 switch 6",
        ">p2 move sludgebomb",
        ">p1 move spore",
        ">p2 switch 5",
        ">p1 switch 3",
        ">p2 move suckerpunch",
        ">p1 switch 4",
        ">p1 switch 2",
        ">p2 switch 2",
        ">p1 move liquidation",
        ">p2 switch 3",
        ">p1 switch 3",
        ">p2 switch 6",
        ">p1 switch 2",
        ">p2 move wish",
        ">p1 switch 6",
        ">p2 move wish",
        ">p1 switch 2",
        ">p2 move bodypress",
        ">p1 switch 6",
        ">p2 switch 4",
        ">p1 switch 5",
        ">p2 switch 6",
        ">p1 switch 5",
        ">p2 switch 4",
        ">p1 move protect",
        ">p2 move wish",
        ">p1 switch 6",
        ">p2 switch 5",
        ">p1 move sludgebomb",
        ">p2 move sludgebomb",
        ">p1 switch 2",
        ">p2 switch 4",
        ">p1 switch 3",
        ">p2 switch 5",
        ">p1 switch 3",
        ">p2 move protect",
        ">p1 switch 6",
        ">p2 switch 4",
        ">p1 switch 5",
        ">p2 switch 2",
        ">p1 move liquidation",
        ">p2 move willowisp",
        ">p1 move liquidation",
        ">p2 switch 5",
        ">p1 move stoneedge",
        ">p2 switch 3",
        ">p1 switch 6",
        ">p2 switch 2",
        ">p1 move ironhead",
        ">p2 move sludgebomb",
        ">p1 switch 5",
        ">p2 switch 3",
        ">p1 move hypervoice",
        ">p2 switch 5",
        ">p1 switch 5",
        ">p2 switch 6",
        ">p1 switch 6",
        ">p2 switch 5",
        ">p1 switch 6",
        ">p2 switch 5",
        ">p1 switch 6",
        ">p2 switch 4",
        ">p1 move stoneedge",
        ">p2 move bodypress",
        ">p1 switch 6",
        ">p1 move stealthrock",
        ">p2 switch 6",
        ">p1 switch 3",
        ">p2 switch 5",
        ">p1 move recover",
        ">p2 switch 6",
        ">p1 switch 3",
        ">p2 switch 5",
        ">p1 switch 2",
        ">p2 switch 4",
        ">p1 move foulplay",
        ">p2 switch 6",
        ">p2 switch 6",
        ">p1 switch 2",
        ">p2 move avalanche",
        ">p1 move stealthrock",
        ">p2 move avalanche",
        ">p1 switch 3",
        ">p1 move curse",
        ">p2 switch 5",
        ">p1 move zingzap",
        ">p2 switch 2",
        ">p2 switch 4",
        ">p1 move zingzap",
        ">p2 switch 5",
        ">p1 move curse",
        ">p2 move rapidspin",
        ">p1 move zingzap",
        ">p2 move bodypress",
        ">p1 move liquidation",
        ">p2 move avalanche",
        ">p2 switch 3",
        ">p1 move curse",
        ">p2 move sludgebomb",
        ">p1 move liquidation",
        ">p2 move clearsmog",
        ">p1 switch 5",
        ">p2 switch 2",
        ">p1 switch 5",
        ">p2 move playrough",
        ">p1 switch 2",
        ">p1 switch 5",
        ">p2 move bodypress",
        ">p1 move wish",
        ">p2 move protect",
        ">p1 switch 5",
        ">p2 move wish",
        ">p1 switch 5",
        ">p2 switch 5",
        ">p1 move protect",
        ">p2 move suckerpunch",
        ">p1 move wish",
        ">p2 switch 2",
        ">p1 move wish",
        ">p2 switch 5",
        ">p1 move hypervoice",
        ">p2 move playrough",
        ">p1 move calmmind",
        ">p2 switch 2",
        ">p1 switch 5",
        ">p2 switch 2",
        ">p1 move willowisp",
        ">p2 move wish",
        ">p1 switch 5",
        ">p2 switch 5",
        ">p1 switch 5",
        ">p2 move sludgebomb",
        ">p1 move spore",
        ">p2 move spore",
        ">p1 move spore",
        ">p2 switch 2",
        ">p1 move spore",
        ">p2 move foulplay",
        ">p1 switch 5",
        ">p2 switch 2",
        ">p1 move protect",
        ">p2 switch 2",
        ">p1 switch 5",
        ">p2 move suckerpunch",
        ">p1 move willowisp",
        ">p2 move poltergeist",
        ">p1 move willowisp",
        ">p2 switch 2",
        ">p1 switch 5",
        ">p2 move gigadrain",
        ">p1 move wish",
        ">p2 move gigadrain",
        ">p1 move wish",
        ">p2 switch 5",
        ">p1 move protect",
        ">p2 move bodypress",
        ">p1 switch 5",
        ">p2 move protect",
        ">p1 move bodypress",
        ">p2 switch 5",
        ">p1 switch 5",
        ">p1 move hypervoice",
        ">p2 switch 2",
        ">p1 move wish",
        ">p2 switch 2",
        ">p1 move protect",
        ">p2 move gigadrain",
        ">p1 move wish",
        ">p2 move clearsmog",
        ">p1 move protect",
        ">p2 move spore",
        ">p1 move calmmind",
        ">p2 switch 5",
        ">p1 move protect",
        ">p2 move playrough",
        ">p1 move protect",
        ">p2 switch 5",
        ">p1 move calmmind",
        ">p2 switch 5",
        ">p1 move protect",
        ">p2 move protect",
        ">p1 move wish",
        ">p2 move playrough",
        ">p1 move hypervoice",
        ">p2 move protect",
        ">p1 move wish",
        ">p2 move bodypress",
        ">p1 move calmmind",
        ">p2 move wish",
        ">p1 move hypervoice",
        ">p2 move wish",
        ">p2 switch 2",
        ">p1 move calmmind",
        ">p2 move poltergeist",
        ">p1 move protect",
        ">p2 move foulplay",
        ">p1 move protect",
        ">p2 move foulplay",
        ">p1 move calmmind",
        ">p2 move suckerpunch",
        ">p1 move hypervoice",
        ">p2 move willowisp",
        ">p2 switch 5",
        ">p1 move protect",
        ">p2 move sludgebomb",
        ">p1 move hypervoice",
        ">p2 move gigadrain",
        ">p1 move wish",
        ">p2 move spore",
        ">p1 move calmmind",
        ">p2 move gigadrain",
        ">p1 move calmmind",
        ">p2 move spore",
        ">p1 move hypervoice",
        ">p2 move sludgebomb"
    ],
    "log": [
        "|uhtml|medal-msg|<div class=\"broadcast-blue\">Curious what those medals under the avatar are? PS now has Ladder Seasons! For more information, check out the <a href=\"https://www.smogon.com/forums/threads/3740067/\">thread on Smogon.</a></div>",
        "|uhtml|medal-msg|<div class=\"broadcast-blue\">Curious what those medals under the avatar are? PS now has Ladder Seasons! For more information, check out the <a href=\"https://www.smogon.com/forums/threads/3740067/\">thread on Smogon.</a></div>",
        "|j|☆RandomPlayer 19",
        "|j|☆RandomPlayer 20",
        "|t:|1712786727",
        "|gametype|singles",
        "|player|p1|RandomPlayer 19|1|1052",
        "|player|p2|RandomPlayer 20|2|1220",
        "|teamsize|p1|6",
        "|teamsize|p2|6",
        "|gen|9",
        "|tier|[Gen 9] Random Battle",
        "|rated|",
        "|rule|Species Clause: Limit one of each Pokémon",
        "|rule|HP Percentage Mod: HP is shown in percentages",
        "|rule|Sleep Clause Mod: Limit one foe put to sleep",
        "|rule|Illusion Level Mod: Illusion disguises the Pokémon's true level",
        "|",
        "|t:|1712786727",
        "|start",
        "|switch|p1a: Pincurchin|Pincurchin, L99, F|255/255",
        "|switch|p2a: Spiritomb|Spiritomb, L90, M|236/236",
        "|-fieldstart|move: Electric Terrain|[from] ability: Electric Surge|[of] p1a: Pincurchin",
        "|turn|1",
        "|",
        "|t:|1712786727",
        "|switch|p1a: Heracross|Heracross, L80, F|259/259",
        "|move|p2a: Spiritomb|Will-O-Wisp|p1a: Heracross",
        "|-status|p1a: Heracross|brn",
        "|",
        "|-damage|p1a: Heracross|243/259 brn|[from] brn",
        "|upkeep",
        "|turn|2",
        "|",
        "|t:|1712786727",
        "|switch|p1a: Drednaw|Drednaw, L80, M|275/275",
        "|-terastallize|p2a: Spiritomb|Ghost",
        "|move|p2a: Spiritomb|Poltergeist|p1a: Drednaw",
        "|-activate|p1a: Drednaw|move: Poltergeist|White Herb",
        "|-damage|p1a: Drednaw|103/275",
        "|",
        "|upkeep",
        "|turn|3",
        "|",
        "|t:|1712786727",
        "|switch|p2a: Clawitzer|Clawitzer, L86, F|262/262",
        "|move|p1a: Drednaw|Shell Smash|p1a: Drednaw",
        "|-unboost|p1a: Drednaw|def|1",
        "|-unboost|p1a: Drednaw|spd|1",
        "|-boost|p1a: Drednaw|atk|2",
        "|-boost|p1a: Drednaw|spa|2",
        "|-boost|p1a: Drednaw|spe|2",
        "|-enditem|p1a: Drednaw|White Herb",
        "|-clearnegativeboost|p1a: Drednaw|[silent]",
        "|",
        "|upkeep",
        "|turn|4",
        "|",
        "|t:|1712786727",
        "|switch|p1a: Pincurchin|Pincurchin, L99, F|255/255",
        "|switch|p2a: Dragapult|Dragapult, L77, F|262/262",
        "|",
        "|upkeep",
        "|turn|5",
        "|",
        "|t:|1712786727",
        "|switch|p1a: Heracross|Heracross, L80, F|243/259 brn",
        "|move|p2a: Dragapult|Draco Meteor|p1a: Heracross|[miss]",
        "|-miss|p2a: Dragapult|p1a: Heracross",
        "|",
        "|-damage|p1a: Heracross|227/259 brn|[from] brn",
        "|-fieldend|move: Electric Terrain",
        "|upkeep",
        "|turn|6",
        "|",
        "|t:|1712786727",
        "|switch|p2a: Spiritomb|Spiritomb, L90, M, tera:Ghost|236/236",
        "|switch|p1a: Ditto|Ditto, L87|225/225",
        "|-transform|p1a: Ditto|p2a: Spiritomb|[from] ability: Imposter",
        "|",
        "|upkeep",
        "|turn|7",
        "|",
        "|t:|1712786727",
        "|switch|p2a: Dragapult|Dragapult, L77, F|262/262",
        "|-terastallize|p1a: Ditto|Rock",
        "|move|p1a: Ditto|Sucker Punch||[still]",
        "|-fail|p1a: Ditto",
        "|",
        "|upkeep",
        "|turn|8",
        "|",
        "|t:|1712786727",
        "|switch|p1a: Perrserker|Perrserker, L89, M|269/269",
        "|move|p2a: Dragapult|Shadow Ball|p1a: Perrserker",
        "|-damage|p1a: Perrserker|136/269",
        "|",
        "|upkeep",
        "|turn|9",
        "|",
        "|t:|1712786727",
        "|switch|p1a: Heracross|Heracross, L80, F|227/259 brn",
        "|move|p2a: Dragapult|Shadow Ball|p1a: Heracross",
        "|-damage|p1a: Heracross|109/259 brn",
        "|-unboost|p1a: Heracross|spd|1",
        "|",
        "|-damage|p1a: Heracross|93/259 brn|[from] brn",
        "|upkeep",
        "|turn|10",
        "|",
        "|t:|1712786727",
        "|switch|p2a: Amoonguss|Amoonguss, L82, F|321/321",
        "|move|p1a: Heracross|Facade|p2a: Amoonguss",
        "|-damage|p2a: Amoonguss|106/321",
        "|-damage|p1a: Heracross|50/259 brn|[from] item: Rocky Helmet|[of] p2a: Amoonguss",
        "|",
        "|-damage|p1a: Heracross|34/259 brn|[from] brn",
        "|upkeep",
        "|turn|11",
        "|",
        "|t:|1712786727",
        "|switch|p2a: Dragapult|Dragapult, L77, F|262/262",
        "|move|p1a: Heracross|Trailblaze|p2a: Dragapult",
        "|-resisted|p2a: Dragapult",
        "|-damage|p2a: Dragapult|223/262",
        "|-boost|p1a: Heracross|spe|1",
        "|",
        "|-damage|p1a: Heracross|18/259 brn|[from] brn",
        "|upkeep",
        "|turn|12",
        "|",
        "|t:|1712786727",
        "|switch|p1a: Perrserker|Perrserker, L89, M|136/269",
        "|switch|p2a: Avalugg|Avalugg, L87, M|307/307",
        "|",
        "|upkeep",
        "|turn|13",
        "|",
        "|t:|1712786727",
        "|switch|p2a: Dragapult|Dragapult, L77, F|223/262",
        "|move|p1a: Perrserker|Close Combat|p2a: Dragapult",
        "|-immune|p2a: Dragapult",
        "|",
        "|upkeep",
        "|turn|14",
        "|",
        "|t:|1712786727",
        "|switch|p2a: Avalugg|Avalugg, L87, M|307/307",
        "|switch|p1a: Heracross|Heracross, L80, F|18/259 brn",
        "|",
        "|-damage|p1a: Heracross|2/259 brn|[from] brn",
        "|upkeep",
        "|turn|15",
        "|",
        "|t:|1712786727",
        "|switch|p1a: Perrserker|Perrserker, L89, M|136/269",
        "|switch|p2a: Amoonguss|Amoonguss, L82, F|213/321",
        "|",
        "|upkeep",
        "|turn|16",
        "|",
        "|t:|1712786727",
        "|switch|p1a: Ditto|Ditto, L87, tera:Rock|225/225",
        "|-transform|p1a: Ditto|p2a: Amoonguss|[from] ability: Imposter",
        "|move|p2a: Amoonguss|Sludge Bomb|p1a: Ditto",
        "|-resisted|p1a: Ditto",
        "|-damage|p1a: Ditto|183/225",
        "|",
        "|upkeep",
        "|turn|17",
        "|",
        "|t:|1712786727",
        "|switch|p2a: Spiritomb|Spiritomb, L90, M, tera:Ghost|236/236",
        "|move|p1a: Ditto|Spore|p2a: Spiritomb",
        "|-status|p2a: Spiritomb|slp|[from] move: Spore",
        "|",
        "|upkeep",
        "|turn|18",
        "|",
        "|t:|1712786727",
        "|switch|p1a: Heracross|Heracross, L80, F|2/259 brn",
        "|cant|p2a: Spiritomb|slp",
        "|",
        "|-damage|p1a: Heracross|0 fnt|[from] brn",
        "|faint|p1a: Heracross",
        "|upkeep",
        "|",
        "|t:|1712786727",
        "|switch|p1a: Sylveon|Sylveon, L84, M|297/297",
        "|turn|19",
        "|",
        "|t:|1712786727",
        "|switch|p1a: Pincurchin|Pincurchin, L99, F|255/255",
        "|-fieldstart|move: Electric Terrain|[from] ability: Electric Surge|[of] p1a: Pincurchin",
        "|switch|p2a: Clawitzer|Clawitzer, L86, F|262/262",
        "|",
        "|upkeep",
        "|turn|20",
        "|",
        "|t:|1712786727",
        "|switch|p2a: Dragapult|Dragapult, L77, F|223/262",
        "|move|p1a: Pincurchin|Liquidation|p2a: Dragapult",
        "|-resisted|p2a: Dragapult",
        "|-damage|p2a: Dragapult|174/262",
        "|",
        "|upkeep",
        "|turn|21",
        "|",
        "|t:|1712786727",
        "|switch|p2a: Dachsbun|Dachsbun, L91, M|252/252",
        "|switch|p1a: Ditto|Ditto, L87, tera:Rock|225/225",
        "|-transform|p1a: Ditto|p2a: Dachsbun|[from] ability: Imposter",
        "|",
        "|upkeep",
        "|turn|22",
        "|",
        "|t:|1712786727",
        "|switch|p1a: Sylveon|Sylveon, L84, M|297/297",
        "|move|p2a: Dachsbun|Wish|p2a: Dachsbun",
        "|",
        "|upkeep",
        "|turn|23",
        "|",
        "|t:|1712786727",
        "|switch|p1a: Perrserker|Perrserker, L89, M|136/269",
        "|move|p2a: Dachsbun|Wish||[still]",
        "|-fail|p2a: Dachsbun",
        "|",
        "|-fieldend|move: Electric Terrain",
        "|upkeep",
        "|turn|24",
        "|",
        "|t:|1712786727",
        "|switch|p1a: Ditto|Ditto, L87, tera:Rock|225/225",
        "|-transform|p1a: Ditto|p2a: Dachsbun|[from] ability: Imposter",
        "|move|p2a: Dachsbun|Body Press|p1a: Ditto",
        "|-supereffective|p1a: Ditto",
        "|-damage|p1a: Ditto|101/225",
        "|",
        "|upkeep",
        "|turn|25",
        "|",
        "|t:|1712786727",
        "|switch|p1a: Sylveon|Sylveon, L84, M|297/297",
        "|switch|p2a: Avalugg|Avalugg, L87, M|307/307",
        "|",
        "|upkeep",
        "|turn|26",
        "|",
        "|t:|1712786727",
        "|switch|p1a: Drednaw|Drednaw, L80, M|103/275",
        "|switch|p2a: Dragapult|Dragapult, L77, F|174/262",
        "|",
        "|upkeep",
        "|turn|27",
        "|",
        "|t:|1712786727",
        "|switch|p2a: Dachsbun|Dachsbun, L91, M|252/252",
        "|switch|p1a: Sylveon|Sylveon, L84, M|297/297",
        "|",
        "|upkeep",
        "|turn|28",
        "|",
        "|t:|1712786727",
        "|move|p1a: Sylveon|Protect|p1a: Sylveon",
        "|-singleturn|p1a: Sylveon|Protect",
        "|move|p2a: Dachsbun|Wish|p2a: Dachsbun",
        "|",
        "|upkeep",
        "|turn|29",
        "|",
        "|t:|1712786727",
        "|switch|p2a: Amoonguss|Amoonguss, L82, F|320/321",
        "|switch|p1a: Ditto|Ditto, L87, tera:Rock|101/225",
        "|-transform|p1a: Ditto|p2a: Amoonguss|[from] ability: Imposter",
        "|",
        "|-heal|p2a: Amoonguss|321/321|[from] move: Wish|[wisher] Dachsbun",
        "|upkeep",
        "|turn|30",
        "|",
        "|t:|1712786727",
        "|move|p1a: Ditto|Sludge Bomb|p2a: Amoonguss",
        "|-damage|p2a: Amoonguss|225/321",
        "|move|p2a: Amoonguss|Sludge Bomb|p1a: Ditto",
        "|-resisted|p1a: Ditto",
        "|-damage|p1a: Ditto|56/225",
        "|",
        "|upkeep",
        "|turn|31",
        "|",
        "|t:|1712786727",
        "|switch|p1a: Perrserker|Perrserker, L89, M|136/269",
        "|switch|p2a: Dragapult|Dragapult, L77, F|174/262",
        "|",
        "|upkeep",
        "|turn|32",
        "|",
        "|t:|1712786727",
        "|switch|p2a: Dachsbun|Dachsbun, L91, M|252/252",
        "|switch|p1a: Pincurchin|Pincurchin, L99, F|255/255",
        "|-fieldstart|move: Electric Terrain|[from] ability: Electric Surge|[of] p1a: Pincurchin",
        "|",
        "|upkeep",
        "|turn|33",
        "|",
        "|t:|1712786727",
        "|switch|p1a: Perrserker|Perrserker, L89, M|136/269",
        "|move|p2a: Dachsbun|Protect||[still]",
        "|-fail|p2a: Dachsbun",
        "|",
        "|upkeep",
        "|turn|34",
        "|",
        "|t:|1712786727",
        "|switch|p2a: Amoonguss|Amoonguss, L82, F|321/321",
        "|switch|p1a: Sylveon|Sylveon, L84, M|297/297",
        "|",
        "|upkeep",
        "|turn|35",
        "|",
        "|t:|1712786727",
        "|switch|p1a: Drednaw|Drednaw, L80, M|103/275",
        "|switch|p2a: Spiritomb|Spiritomb, L90, M, tera:Ghost|236/236 slp",
        "|",
        "|upkeep",
        "|turn|36",
        "|",
        "|t:|1712786727",
        "|move|p1a: Drednaw|Liquidation|p2a: Spiritomb",
        "|-damage|p2a: Spiritomb|161/236 slp",
        "|-curestatus|p2a: Spiritomb|slp|[msg]",
        "|move|p2a: Spiritomb|Will-O-Wisp|p1a: Drednaw",
        "|-status|p1a: Drednaw|brn",
        "|",
        "|-heal|p2a: Spiritomb|175/236|[from] item: Leftovers",
        "|-damage|p1a: Drednaw|86/275 brn|[from] brn",
        "|-fieldend|move: Electric Terrain",
        "|upkeep",
        "|turn|37",
        "|",
        "|t:|1712786727",
        "|switch|p2a: Dragapult|Dragapult, L77, F|174/262",
        "|move|p1a: Drednaw|Liquidation|p2a: Dragapult",
        "|-resisted|p2a: Dragapult",
        "|-damage|p2a: Dragapult|144/262",
        "|",
        "|-damage|p1a: Drednaw|69/275 brn|[from] brn",
        "|upkeep",
        "|turn|38",
        "|",
        "|t:|1712786727",
        "|switch|p2a: Clawitzer|Clawitzer, L86, F|262/262",
        "|move|p1a: Drednaw|Stone Edge|p2a: Clawitzer",
        "|-damage|p2a: Clawitzer|211/262",
        "|",
        "|-damage|p1a: Drednaw|52/275 brn|[from] brn",
        "|upkeep",
        "|turn|39",
        "|",
        "|t:|1712786727",
        "|switch|p1a: Perrserker|Perrserker, L89, M|136/269",
        "|switch|p2a: Amoonguss|Amoonguss, L82, F|321/321",
        "|",
        "|upkeep",
        "|turn|40",
        "|",
        "|t:|1712786727",
        "|move|p1a: Perrserker|Iron Head|p2a: Amoonguss",
        "|-damage|p2a: Amoonguss|90/321",
        "|-damage|p1a: Perrserker|92/269|[from] item: Rocky Helmet|[of] p2a: Amoonguss",
        "|-damage|p1a: Perrserker|66/269|[from] item: Life Orb",
        "|cant|p2a: Amoonguss|flinch",
        "|",
        "|upkeep",
        "|turn|41",
        "|",
        "|t:|1712786727",
        "|switch|p1a: Sylveon|Sylveon, L84, M|297/297",
        "|switch|p2a: Dragapult|Dragapult, L77, F|144/262",
        "|",
        "|upkeep",
        "|turn|42",
        "|",
        "|t:|1712786727",
        "|switch|p2a: Spiritomb|Spiritomb, L90, M, tera:Ghost|175/236",
        "|move|p1a: Sylveon|Hyper Voice|p2a: Spiritomb",
        "|-damage|p2a: Spiritomb|79/236",
        "|",
        "|-heal|p2a: Spiritomb|93/236|[from] item: Leftovers",
        "|upkeep",
        "|turn|43",
        "|",
        "|t:|1712786727",
        "|switch|p1a: Perrserker|Perrserker, L89, M|66/269",
        "|switch|p2a: Avalugg|Avalugg, L87, M|307/307",
        "|",
        "|upkeep",
        "|turn|44",
        "|",
        "|t:|1712786727",
        "|switch|p1a: Drednaw|Drednaw, L80, M|52/275 brn",
        "|switch|p2a: Dragapult|Dragapult, L77, F|144/262",
        "|",
        "|-damage|p1a: Drednaw|35/275 brn|[from] brn",
        "|upkeep",
        "|turn|45",
        "|",
        "|t:|1712786727",
        "|switch|p2a: Avalugg|Avalugg, L87, M|307/307",
        "|switch|p1a: Perrserker|Perrserker, L89, M|66/269",
        "|",
        "|upkeep",
        "|turn|46",
        "|",
        "|t:|1712786727",
        "|switch|p1a: Drednaw|Drednaw, L80, M|35/275 brn",
        "|switch|p2a: Dachsbun|Dachsbun, L91, M|252/252",
        "|",
        "|-damage|p1a: Drednaw|18/275 brn|[from] brn",
        "|upkeep",
        "|turn|47",
        "|",
        "|t:|1712786727",
        "|move|p2a: Dachsbun|Body Press|p1a: Drednaw",
        "|-supereffective|p1a: Drednaw",
        "|-damage|p1a: Drednaw|0 fnt",
        "|faint|p1a: Drednaw",
        "|",
        "|upkeep",
        "|",
        "|t:|1712786727",
        "|switch|p1a: Perrserker|Perrserker, L89, M|66/269",
        "|turn|48",
        "|",
        "|t:|1712786727",
        "|switch|p2a: Spiritomb|Spiritomb, L90, M, tera:Ghost|93/236",
        "|move|p1a: Perrserker|Stealth Rock|p2a: Spiritomb",
        "|-sidestart|p2: RandomPlayer 20|move: Stealth Rock",
        "|",
        "|-heal|p2a: Spiritomb|107/236|[from] item: Leftovers",
        "|upkeep",
        "|turn|49",
        "|",
        "|t:|1712786727",
        "|switch|p1a: Pincurchin|Pincurchin, L99, F|255/255",
        "|-fieldstart|move: Electric Terrain|[from] ability: Electric Surge|[of] p1a: Pincurchin",
        "|switch|p2a: Dragapult|Dragapult, L77, F|144/262",
        "|-damage|p2a: Dragapult|112/262|[from] Stealth Rock",
        "|",
        "|upkeep",
        "|turn|50",
        "|",
        "|t:|1712786727",
        "|switch|p2a: Dachsbun|Dachsbun, L91, M|252/252",
        "|-damage|p2a: Dachsbun|221/252|[from] Stealth Rock",
        "|move|p1a: Pincurchin|Recover||[still]",
        "|-fail|p1a: Pincurchin|heal",
        "|",
        "|-heal|p2a: Dachsbun|236/252|[from] item: Leftovers",
        "|upkeep",
        "|turn|51",
        "|",
        "|t:|1712786727",
        "|switch|p2a: Spiritomb|Spiritomb, L90, M, tera:Ghost|107/236",
        "|-damage|p2a: Spiritomb|78/236|[from] Stealth Rock",
        "|switch|p1a: Perrserker|Perrserker, L89, M|66/269",
        "|",
        "|-heal|p2a: Spiritomb|92/236|[from] item: Leftovers",
        "|upkeep",
        "|turn|52",
        "|",
        "|t:|1712786727",
        "|switch|p1a: Ditto|Ditto, L87, tera:Rock|131/225",
        "|-transform|p1a: Ditto|p2a: Spiritomb|[from] ability: Imposter",
        "|switch|p2a: Avalugg|Avalugg, L87, M|307/307",
        "|",
        "|upkeep",
        "|turn|53",
        "|",
        "|t:|1712786727",
        "|switch|p2a: Dragapult|Dragapult, L77, F|112/262",
        "|-damage|p2a: Dragapult|80/262|[from] Stealth Rock",
        "|move|p1a: Ditto|Foul Play|p2a: Dragapult",
        "|-supereffective|p2a: Dragapult",
        "|-damage|p2a: Dragapult|0 fnt",
        "|faint|p2a: Dragapult",
        "|",
        "|-fieldend|move: Electric Terrain",
        "|upkeep",
        "|",
        "|t:|1712786727",
        "|switch|p2a: Avalugg|Avalugg, L87, M|307/307",
        "|turn|54",
        "|",
        "|t:|1712786727",
        "|switch|p1a: Perrserker|Perrserker, L89, M|66/269",
        "|move|p2a: Avalugg|Avalanche|p1a: Perrserker",
        "|-resisted|p1a: Perrserker",
        "|-damage|p1a: Perrserker|32/269",
        "|",
        "|upkeep",
        "|turn|55",
        "|",
        "|t:|1712786727",
        "|move|p1a: Perrserker|Stealth Rock||[still]",
        "|-fail|p1a: Perrserker",
        "|move|p2a: Avalugg|Avalanche|p1a: Perrserker",
        "|-resisted|p1a: Perrserker",
        "|-damage|p1a: Perrserker|0 fnt",
        "|faint|p1a: Perrserker",
        "|",
        "|upkeep",
        "|",
        "|t:|1712786727",
        "|switch|p1a: Pincurchin|Pincurchin, L99, F|255/255",
        "|-fieldstart|move: Electric Terrain|[from] ability: Electric Surge|[of] p1a: Pincurchin",
        "|turn|56",
        "|",
        "|t:|1712786727",
        "|switch|p2a: Dachsbun|Dachsbun, L91, M|236/252",
        "|-damage|p2a: Dachsbun|205/252|[from] Stealth Rock",
        "|move|p1a: Pincurchin|Curse|p1a: Pincurchin",
        "|-unboost|p1a: Pincurchin|spe|1",
        "|-boost|p1a: Pincurchin|atk|1",
        "|-boost|p1a: Pincurchin|def|1",
        "|",
        "|-heal|p2a: Dachsbun|220/252|[from] item: Leftovers",
        "|upkeep",
        "|turn|57",
        "|",
        "|t:|1712786727",
        "|switch|p2a: Clawitzer|Clawitzer, L86, F|211/262",
        "|-damage|p2a: Clawitzer|179/262|[from] Stealth Rock",
        "|move|p1a: Pincurchin|Zing Zap|p2a: Clawitzer",
        "|-supereffective|p2a: Clawitzer",
        "|-damage|p2a: Clawitzer|0 fnt",
        "|faint|p2a: Clawitzer",
        "|",
        "|upkeep",
        "|",
        "|t:|1712786727",
        "|switch|p2a: Spiritomb|Spiritomb, L90, M, tera:Ghost|92/236",
        "|-damage|p2a: Spiritomb|63/236|[from] Stealth Rock",
        "|turn|58",
        "|",
        "|t:|1712786727",
        "|switch|p2a: Avalugg|Avalugg, L87, M|307/307",
        "|move|p1a: Pincurchin|Zing Zap|p2a: Avalugg",
        "|-damage|p2a: Avalugg|181/307",
        "|",
        "|upkeep",
        "|turn|59",
        "|",
        "|t:|1712786727",
        "|move|p2a: Avalugg|Rapid Spin|p1a: Pincurchin",
        "|-damage|p1a: Pincurchin|232/255",
        "|-boost|p2a: Avalugg|spe|1",
        "|-sideend|p2: RandomPlayer 20|Stealth Rock|[from] move: Rapid Spin|[of] p2a: Avalugg",
        "|move|p1a: Pincurchin|Curse|p1a: Pincurchin",
        "|-unboost|p1a: Pincurchin|spe|1",
        "|-boost|p1a: Pincurchin|atk|1",
        "|-boost|p1a: Pincurchin|def|1",
        "|",
        "|-heal|p1a: Pincurchin|247/255|[from] item: Leftovers",
        "|upkeep",
        "|turn|60",
        "|",
        "|t:|1712786727",
        "|move|p2a: Avalugg|Body Press|p1a: Pincurchin",
        "|-damage|p1a: Pincurchin|207/255",
        "|move|p1a: Pincurchin|Zing Zap|p2a: Avalugg",
        "|-damage|p2a: Avalugg|24/307",
        "|",
        "|-heal|p1a: Pincurchin|222/255|[from] item: Leftovers",
        "|-fieldend|move: Electric Terrain",
        "|upkeep",
        "|turn|61",
        "|",
        "|t:|1712786727",
        "|move|p1a: Pincurchin|Liquidation|p2a: Avalugg",
        "|-damage|p2a: Avalugg|0 fnt",
        "|faint|p2a: Avalugg",
        "|",
        "|-heal|p1a: Pincurchin|237/255|[from] item: Leftovers",
        "|upkeep",
        "|",
        "|t:|1712786727",
        "|switch|p2a: Amoonguss|Amoonguss, L82, F|197/321",
        "|turn|62",
        "|",
        "|t:|1712786727",
        "|move|p2a: Amoonguss|Sludge Bomb|p1a: Pincurchin",
        "|-damage|p1a: Pincurchin|167/255",
        "|-status|p1a: Pincurchin|psn",
        "|move|p1a: Pincurchin|Curse|p1a: Pincurchin",
        "|-unboost|p1a: Pincurchin|spe|1",
        "|-boost|p1a: Pincurchin|atk|1",
        "|-boost|p1a: Pincurchin|def|1",
        "|",
        "|-heal|p1a: Pincurchin|182/255 psn|[from] item: Leftovers",
        "|-damage|p1a: Pincurchin|151/255 psn|[from] psn",
        "|upkeep",
        "|turn|63",
        "|",
        "|t:|1712786727",
        "|move|p2a: Amoonguss|Clear Smog|p1a: Pincurchin",
        "|-damage|p1a: Pincurchin|114/255 psn",
        "|-clearboost|p1a: Pincurchin",
        "|move|p1a: Pincurchin|Liquidation|p2a: Amoonguss",
        "|-resisted|p2a: Amoonguss",
        "|-damage|p2a: Amoonguss|148/321",
        "|-damage|p1a: Pincurchin|72/255 psn|[from] item: Rocky Helmet|[of] p2a: Amoonguss",
        "|",
        "|-heal|p1a: Pincurchin|87/255 psn|[from] item: Leftovers",
        "|-damage|p1a: Pincurchin|56/255 psn|[from] psn",
        "|upkeep",
        "|turn|64",
        "|",
        "|t:|1712786727",
        "|switch|p2a: Dachsbun|Dachsbun, L91, M|220/252",
        "|switch|p1a: Sylveon|Sylveon, L84, M|297/297",
        "|",
        "|-heal|p2a: Dachsbun|235/252|[from] item: Leftovers",
        "|upkeep",
        "|turn|65",
        "|",
        "|t:|1712786727",
        "|switch|p1a: Pincurchin|Pincurchin, L99, F|56/255 psn",
        "|-fieldstart|move: Electric Terrain|[from] ability: Electric Surge|[of] p1a: Pincurchin",
        "|move|p2a: Dachsbun|Play Rough|p1a: Pincurchin",
        "|-damage|p1a: Pincurchin|0 fnt",
        "|faint|p1a: Pincurchin",
        "|",
        "|-heal|p2a: Dachsbun|250/252|[from] item: Leftovers",
        "|upkeep",
        "|",
        "|t:|1712786727",
        "|switch|p1a: Ditto|Ditto, L87, tera:Rock|131/225",
        "|-transform|p1a: Ditto|p2a: Dachsbun|[from] ability: Imposter",
        "|turn|66",
        "|",
        "|t:|1712786727",
        "|switch|p1a: Sylveon|Sylveon, L84, M|297/297",
        "|move|p2a: Dachsbun|Body Press|p1a: Sylveon",
        "|-resisted|p1a: Sylveon",
        "|-damage|p1a: Sylveon|253/297",
        "|",
        "|-heal|p2a: Dachsbun|252/252|[from] item: Leftovers",
        "|-heal|p1a: Sylveon|271/297|[from] item: Leftovers",
        "|upkeep",
        "|turn|67",
        "|",
        "|t:|1712786727",
        "|move|p2a: Dachsbun|Protect|p2a: Dachsbun",
        "|-singleturn|p2a: Dachsbun|Protect",
        "|move|p1a: Sylveon|Wish|p1a: Sylveon",
        "|",
        "|-heal|p1a: Sylveon|289/297|[from] item: Leftovers",
        "|upkeep",
        "|turn|68",
        "|",
        "|t:|1712786727",
        "|switch|p1a: Ditto|Ditto, L87, tera:Rock|131/225",
        "|-transform|p1a: Ditto|p2a: Dachsbun|[from] ability: Imposter",
        "|move|p2a: Dachsbun|Wish|p2a: Dachsbun",
        "|",
        "|-heal|p1a: Ditto|225/225|[from] move: Wish|[wisher] Sylveon",
        "|upkeep",
        "|turn|69",
        "|",
        "|t:|1712786727",
        "|switch|p1a: Sylveon|Sylveon, L84, M|289/297",
        "|switch|p2a: Spiritomb|Spiritomb, L90, M, tera:Ghost|63/236",
        "|",
        "|-heal|p2a: Spiritomb|189/236|[from] move: Wish|[wisher] Dachsbun",
        "|-heal|p1a: Sylveon|297/297|[from] item: Leftovers",
        "|-heal|p2a: Spiritomb|203/236|[from] item: Leftovers",
        "|-fieldend|move: Electric Terrain",
        "|upkeep",
        "|turn|70",
        "|",
        "|t:|1712786727",
        "|move|p1a: Sylveon|Protect|p1a: Sylveon",
        "|-singleturn|p1a: Sylveon|Protect",
        "|move|p2a: Spiritomb|Sucker Punch||[still]",
        "|-fail|p2a: Spiritomb",
        "|",
        "|-heal|p2a: Spiritomb|217/236|[from] item: Leftovers",
        "|upkeep",
        "|turn|71",
        "|",
        "|t:|1712786727",
        "|switch|p2a: Amoonguss|Amoonguss, L82, F|255/321",
        "|move|p1a: Sylveon|Wish|p1a: Sylveon",
        "|",
        "|upkeep",
        "|turn|72",
        "|",
        "|t:|1712786727",
        "|switch|p2a: Dachsbun|Dachsbun, L91, M|252/252",
        "|move|p1a: Sylveon|Wish||[still]",
        "|-fail|p1a: Sylveon",
        "|",
        "|upkeep",
        "|turn|73",
        "|",
        "|t:|1712786727",
        "|move|p2a: Dachsbun|Play Rough|p1a: Sylveon",
        "|-damage|p1a: Sylveon|179/297",
        "|move|p1a: Sylveon|Hyper Voice|p2a: Dachsbun",
        "|-damage|p2a: Dachsbun|131/252",
        "|",
        "|-heal|p2a: Dachsbun|146/252|[from] item: Leftovers",
        "|-heal|p1a: Sylveon|197/297|[from] item: Leftovers",
        "|upkeep",
        "|turn|74",
        "|",
        "|t:|1712786727",
        "|switch|p2a: Spiritomb|Spiritomb, L90, M, tera:Ghost|217/236",
        "|move|p1a: Sylveon|Calm Mind|p1a: Sylveon",
        "|-boost|p1a: Sylveon|spa|1",
        "|-boost|p1a: Sylveon|spd|1",
        "|",
        "|-heal|p1a: Sylveon|215/297|[from] item: Leftovers",
        "|-heal|p2a: Spiritomb|231/236|[from] item: Leftovers",
        "|upkeep",
        "|turn|75",
        "|",
        "|t:|1712786727",
        "|switch|p1a: Ditto|Ditto, L87, tera:Rock|225/225",
        "|-transform|p1a: Ditto|p2a: Spiritomb|[from] ability: Imposter",
        "|switch|p2a: Dachsbun|Dachsbun, L91, M|146/252",
        "|",
        "|-heal|p2a: Dachsbun|161/252|[from] item: Leftovers",
        "|upkeep",
        "|turn|76",
        "|",
        "|t:|1712786727",
        "|move|p2a: Dachsbun|Wish|p2a: Dachsbun",
        "|move|p1a: Ditto|Will-O-Wisp|p2a: Dachsbun",
        "|-ability|p2a: Dachsbun|Well-Baked Body|boost",
        "|-boost|p2a: Dachsbun|def|2",
        "|",
        "|-heal|p2a: Dachsbun|176/252|[from] item: Leftovers",
        "|upkeep",
        "|turn|77",
        "|",
        "|t:|1712786727",
        "|switch|p2a: Amoonguss|Amoonguss, L82, F|321/321",
        "|switch|p1a: Sylveon|Sylveon, L84, M|215/297",
        "|",
        "|-heal|p1a: Sylveon|233/297|[from] item: Leftovers",
        "|upkeep",
        "|turn|78",
        "|",
        "|t:|1712786727",
        "|switch|p1a: Ditto|Ditto, L87, tera:Rock|225/225",
        "|-transform|p1a: Ditto|p2a: Amoonguss|[from] ability: Imposter",
        "|move|p2a: Amoonguss|Sludge Bomb|p1a: Ditto",
        "|-resisted|p1a: Ditto",
        "|-damage|p1a: Ditto|177/225",
        "|",
        "|upkeep",
        "|turn|79",
        "|",
        "|t:|1712786727",
        "|move|p1a: Ditto|Spore|p2a: Amoonguss",
        "|-immune|p2a: Amoonguss",
        "|move|p2a: Amoonguss|Spore|p1a: Ditto",
        "|-status|p1a: Ditto|slp|[from] move: Spore",
        "|",
        "|upkeep",
        "|turn|80",
        "|",
        "|t:|1712786727",
        "|switch|p2a: Spiritomb|Spiritomb, L90, M, tera:Ghost|231/236",
        "|cant|p1a: Ditto|slp",
        "|",
        "|-heal|p2a: Spiritomb|236/236|[from] item: Leftovers",
        "|upkeep",
        "|turn|81",
        "|",
        "|t:|1712786727",
        "|cant|p1a: Ditto|slp",
        "|move|p2a: Spiritomb|Foul Play|p1a: Ditto",
        "|-damage|p1a: Ditto|78/225 slp",
        "|",
        "|upkeep",
        "|turn|82",
        "|",
        "|t:|1712786727",
        "|switch|p1a: Sylveon|Sylveon, L84, M|233/297",
        "|switch|p2a: Amoonguss|Amoonguss, L82, F|321/321",
        "|",
        "|-heal|p1a: Sylveon|251/297|[from] item: Leftovers",
        "|upkeep",
        "|turn|83",
        "|",
        "|t:|1712786727",
        "|switch|p2a: Spiritomb|Spiritomb, L90, M, tera:Ghost|236/236",
        "|move|p1a: Sylveon|Protect||[still]",
        "|-fail|p1a: Sylveon",
        "|",
        "|-heal|p1a: Sylveon|269/297|[from] item: Leftovers",
        "|upkeep",
        "|turn|84",
        "|",
        "|t:|1712786727",
        "|switch|p1a: Ditto|Ditto, L87, tera:Rock|153/225 slp",
        "|-transform|p1a: Ditto|p2a: Spiritomb|[from] ability: Imposter",
        "|move|p2a: Spiritomb|Sucker Punch||[still]",
        "|-fail|p2a: Spiritomb",
        "|",
        "|upkeep",
        "|turn|85",
        "|",
        "|t:|1712786727",
        "|cant|p1a: Ditto|slp",
        "|move|p2a: Spiritomb|Poltergeist|p1a: Ditto",
        "|-activate|p1a: Ditto|move: Poltergeist|Choice Scarf",
        "|-damage|p1a: Ditto|23/225 slp",
        "|",
        "|upkeep",
        "|turn|86",
        "|",
        "|t:|1712786727",
        "|switch|p2a: Amoonguss|Amoonguss, L82, F|321/321",
        "|-curestatus|p1a: Ditto|slp|[msg]",
        "|move|p1a: Ditto|Will-O-Wisp|p2a: Amoonguss",
        "|-status|p2a: Amoonguss|brn",
        "|",
        "|-damage|p2a: Amoonguss|301/321 brn|[from] brn",
        "|upkeep",
        "|turn|87",
        "|",
        "|t:|1712786727",
        "|switch|p1a: Sylveon|Sylveon, L84, M|269/297",
        "|move|p2a: Amoonguss|Giga Drain|p1a: Sylveon",
        "|-damage|p1a: Sylveon|218/297",
        "|-heal|p2a: Amoonguss|321/321 brn|[from] drain|[of] p1a: Sylveon",
        "|",
        "|-heal|p1a: Sylveon|236/297|[from] item: Leftovers",
        "|-damage|p2a: Amoonguss|301/321 brn|[from] brn",
        "|upkeep",
        "|turn|88",
        "|",
        "|t:|1712786727",
        "|move|p1a: Sylveon|Wish|p1a: Sylveon",
        "|move|p2a: Amoonguss|Giga Drain|p1a: Sylveon",
        "|-damage|p1a: Sylveon|181/297",
        "|-heal|p2a: Amoonguss|321/321 brn|[from] drain|[of] p1a: Sylveon",
        "|",
        "|-heal|p1a: Sylveon|199/297|[from] item: Leftovers",
        "|-damage|p2a: Amoonguss|301/321 brn|[from] brn",
        "|upkeep",
        "|turn|89",
        "|",
        "|t:|1712786727",
        "|switch|p2a: Dachsbun|Dachsbun, L91, M|176/252",
        "|move|p1a: Sylveon|Wish||[still]",
        "|-fail|p1a: Sylveon",
        "|",
        "|-heal|p1a: Sylveon|297/297|[from] move: Wish|[wisher] Sylveon",
        "|-heal|p2a: Dachsbun|191/252|[from] item: Leftovers",
        "|upkeep",
        "|turn|90",
        "|",
        "|t:|1712786727",
        "|move|p1a: Sylveon|Protect|p1a: Sylveon",
        "|-singleturn|p1a: Sylveon|Protect",
        "|move|p2a: Dachsbun|Body Press|p1a: Sylveon",
        "|-activate|p1a: Sylveon|move: Protect",
        "|",
        "|-heal|p2a: Dachsbun|206/252|[from] item: Leftovers",
        "|upkeep",
        "|turn|91",
        "|",
        "|t:|1712786727",
        "|switch|p1a: Ditto|Ditto, L87, tera:Rock|23/225",
        "|-transform|p1a: Ditto|p2a: Dachsbun|[from] ability: Imposter",
        "|move|p2a: Dachsbun|Protect||[still]",
        "|-fail|p2a: Dachsbun",
        "|",
        "|-heal|p2a: Dachsbun|221/252|[from] item: Leftovers",
        "|upkeep",
        "|turn|92",
        "|",
        "|t:|1712786727",
        "|switch|p2a: Amoonguss|Amoonguss, L82, F|321/321 brn",
        "|move|p1a: Ditto|Body Press|p2a: Amoonguss",
        "|-resisted|p2a: Amoonguss",
        "|-damage|p2a: Amoonguss|276/321 brn",
        "|-damage|p1a: Ditto|0 fnt|[from] item: Rocky Helmet|[of] p2a: Amoonguss",
        "|faint|p1a: Ditto",
        "|",
        "|-damage|p2a: Amoonguss|256/321 brn|[from] brn",
        "|upkeep",
        "|",
        "|t:|1712786727",
        "|switch|p1a: Sylveon|Sylveon, L84, M|297/297",
        "|turn|93",
        "|",
        "|t:|1712786727",
        "|switch|p2a: Spiritomb|Spiritomb, L90, M, tera:Ghost|236/236",
        "|move|p1a: Sylveon|Hyper Voice|p2a: Spiritomb",
        "|-damage|p2a: Spiritomb|133/236",
        "|",
        "|-heal|p2a: Spiritomb|147/236|[from] item: Leftovers",
        "|upkeep",
        "|turn|94",
        "|",
        "|t:|1712786727",
        "|switch|p2a: Amoonguss|Amoonguss, L82, F|321/321 brn",
        "|move|p1a: Sylveon|Wish|p1a: Sylveon",
        "|",
        "|-damage|p2a: Amoonguss|301/321 brn|[from] brn",
        "|upkeep",
        "|turn|95",
        "|",
        "|t:|1712786727",
        "|move|p1a: Sylveon|Protect|p1a: Sylveon",
        "|-singleturn|p1a: Sylveon|Protect",
        "|move|p2a: Amoonguss|Giga Drain|p1a: Sylveon",
        "|-activate|p1a: Sylveon|move: Protect",
        "|",
        "|-damage|p2a: Amoonguss|281/321 brn|[from] brn",
        "|upkeep",
        "|turn|96",
        "|",
        "|t:|1712786727",
        "|move|p1a: Sylveon|Wish|p1a: Sylveon",
        "|move|p2a: Amoonguss|Clear Smog|p1a: Sylveon",
        "|-supereffective|p1a: Sylveon",
        "|-damage|p1a: Sylveon|229/297",
        "|-clearboost|p1a: Sylveon",
        "|",
        "|-heal|p1a: Sylveon|247/297|[from] item: Leftovers",
        "|-damage|p2a: Amoonguss|261/321 brn|[from] brn",
        "|upkeep",
        "|turn|97",
        "|",
        "|t:|1712786727",
        "|move|p1a: Sylveon|Protect|p1a: Sylveon",
        "|-singleturn|p1a: Sylveon|Protect",
        "|move|p2a: Amoonguss|Spore|p1a: Sylveon",
        "|-activate|p1a: Sylveon|move: Protect",
        "|",
        "|-heal|p1a: Sylveon|297/297|[from] move: Wish|[wisher] Sylveon",
        "|-damage|p2a: Amoonguss|241/321 brn|[from] brn",
        "|upkeep",
        "|turn|98",
        "|",
        "|t:|1712786727",
        "|switch|p2a: Dachsbun|Dachsbun, L91, M|221/252",
        "|move|p1a: Sylveon|Calm Mind|p1a: Sylveon",
        "|-boost|p1a: Sylveon|spa|1",
        "|-boost|p1a: Sylveon|spd|1",
        "|",
        "|-heal|p2a: Dachsbun|236/252|[from] item: Leftovers",
        "|upkeep",
        "|turn|99",
        "|",
        "|t:|1712786727",
        "|move|p1a: Sylveon|Protect|p1a: Sylveon",
        "|-singleturn|p1a: Sylveon|Protect",
        "|move|p2a: Dachsbun|Play Rough|p1a: Sylveon",
        "|-activate|p1a: Sylveon|move: Protect",
        "|",
        "|-heal|p2a: Dachsbun|251/252|[from] item: Leftovers",
        "|upkeep",
        "|turn|100",
        "|",
        "|t:|1712786727",
        "|switch|p2a: Amoonguss|Amoonguss, L82, F|321/321 brn",
        "|move|p1a: Sylveon|Protect||[still]",
        "|-fail|p1a: Sylveon",
        "|",
        "|-damage|p2a: Amoonguss|301/321 brn|[from] brn",
        "|upkeep",
        "|turn|101",
        "|",
        "|t:|1712786727",
        "|switch|p2a: Dachsbun|Dachsbun, L91, M|251/252",
        "|move|p1a: Sylveon|Calm Mind|p1a: Sylveon",
        "|-boost|p1a: Sylveon|spa|1",
        "|-boost|p1a: Sylveon|spd|1",
        "|",
        "|-heal|p2a: Dachsbun|252/252|[from] item: Leftovers",
        "|upkeep",
        "|turn|102",
        "|",
        "|t:|1712786727",
        "|move|p2a: Dachsbun|Protect|p2a: Dachsbun",
        "|-singleturn|p2a: Dachsbun|Protect",
        "|move|p1a: Sylveon|Protect||[still]",
        "|-fail|p1a: Sylveon",
        "|",
        "|upkeep",
        "|turn|103",
        "|",
        "|t:|1712786727",
        "|move|p2a: Dachsbun|Play Rough|p1a: Sylveon",
        "|-damage|p1a: Sylveon|188/297",
        "|move|p1a: Sylveon|Wish|p1a: Sylveon",
        "|",
        "|-heal|p1a: Sylveon|206/297|[from] item: Leftovers",
        "|upkeep",
        "|turn|104",
        "|",
        "|t:|1712786727",
        "|move|p2a: Dachsbun|Protect|p2a: Dachsbun",
        "|-singleturn|p2a: Dachsbun|Protect",
        "|move|p1a: Sylveon|Hyper Voice|p2a: Dachsbun",
        "|-activate|p2a: Dachsbun|move: Protect",
        "|",
        "|-heal|p1a: Sylveon|297/297|[from] move: Wish|[wisher] Sylveon",
        "|upkeep",
        "|turn|105",
        "|",
        "|t:|1712786727",
        "|move|p2a: Dachsbun|Body Press|p1a: Sylveon",
        "|-resisted|p1a: Sylveon",
        "|-damage|p1a: Sylveon|246/297",
        "|move|p1a: Sylveon|Wish|p1a: Sylveon",
        "|",
        "|-heal|p1a: Sylveon|264/297|[from] item: Leftovers",
        "|upkeep",
        "|turn|106",
        "|",
        "|t:|1712786727",
        "|move|p2a: Dachsbun|Wish|p2a: Dachsbun",
        "|move|p1a: Sylveon|Calm Mind|p1a: Sylveon",
        "|-boost|p1a: Sylveon|spa|1",
        "|-boost|p1a: Sylveon|spd|1",
        "|",
        "|-heal|p1a: Sylveon|297/297|[from] move: Wish|[wisher] Sylveon",
        "|upkeep",
        "|turn|107",
        "|",
        "|t:|1712786727",
        "|move|p2a: Dachsbun|Wish||[still]",
        "|-fail|p2a: Dachsbun",
        "|move|p1a: Sylveon|Hyper Voice|p2a: Dachsbun",
        "|-damage|p2a: Dachsbun|0 fnt",
        "|faint|p2a: Dachsbun",
        "|",
        "|upkeep",
        "|",
        "|t:|1712786727",
        "|switch|p2a: Spiritomb|Spiritomb, L90, M, tera:Ghost|147/236",
        "|turn|108",
        "|",
        "|t:|1712786727",
        "|move|p1a: Sylveon|Calm Mind|p1a: Sylveon",
        "|-boost|p1a: Sylveon|spa|1",
        "|-boost|p1a: Sylveon|spd|1",
        "|move|p2a: Spiritomb|Poltergeist|p1a: Sylveon",
        "|-activate|p1a: Sylveon|move: Poltergeist|Leftovers",
        "|-damage|p1a: Sylveon|85/297",
        "|",
        "|-heal|p1a: Sylveon|103/297|[from] item: Leftovers",
        "|-heal|p2a: Spiritomb|161/236|[from] item: Leftovers",
        "|upkeep",
        "|turn|109",
        "|",
        "|t:|1712786727",
        "|move|p1a: Sylveon|Protect|p1a: Sylveon",
        "|-singleturn|p1a: Sylveon|Protect",
        "|move|p2a: Spiritomb|Foul Play|p1a: Sylveon",
        "|-activate|p1a: Sylveon|move: Protect",
        "|",
        "|-heal|p1a: Sylveon|121/297|[from] item: Leftovers",
        "|-heal|p2a: Spiritomb|175/236|[from] item: Leftovers",
        "|upkeep",
        "|turn|110",
        "|",
        "|t:|1712786727",
        "|move|p1a: Sylveon|Protect||[still]",
        "|-fail|p1a: Sylveon",
        "|move|p2a: Spiritomb|Foul Play|p1a: Sylveon",
        "|-resisted|p1a: Sylveon",
        "|-damage|p1a: Sylveon|84/297",
        "|",
        "|-heal|p1a: Sylveon|102/297|[from] item: Leftovers",
        "|-heal|p2a: Spiritomb|189/236|[from] item: Leftovers",
        "|upkeep",
        "|turn|111",
        "|",
        "|t:|1712786727",
        "|move|p2a: Spiritomb|Sucker Punch||[still]",
        "|-fail|p2a: Spiritomb",
        "|move|p1a: Sylveon|Calm Mind|p1a: Sylveon",
        "|-boost|p1a: Sylveon|spa|1",
        "|-boost|p1a: Sylveon|spd|1",
        "|",
        "|-heal|p1a: Sylveon|120/297|[from] item: Leftovers",
        "|-heal|p2a: Spiritomb|203/236|[from] item: Leftovers",
        "|upkeep",
        "|turn|112",
        "|",
        "|t:|1712786727",
        "|move|p1a: Sylveon|Hyper Voice|p2a: Spiritomb",
        "|-damage|p2a: Spiritomb|0 fnt",
        "|faint|p2a: Spiritomb",
        "|",
        "|-heal|p1a: Sylveon|138/297|[from] item: Leftovers",
        "|upkeep",
        "|",
        "|t:|1712786727",
        "|switch|p2a: Amoonguss|Amoonguss, L82, F|321/321 brn",
        "|turn|113",
        "|",
        "|t:|1712786727",
        "|move|p1a: Sylveon|Protect|p1a: Sylveon",
        "|-singleturn|p1a: Sylveon|Protect",
        "|move|p2a: Amoonguss|Sludge Bomb|p1a: Sylveon",
        "|-activate|p1a: Sylveon|move: Protect",
        "|",
        "|-heal|p1a: Sylveon|156/297|[from] item: Leftovers",
        "|-damage|p2a: Amoonguss|301/321 brn|[from] brn",
        "|upkeep",
        "|turn|114",
        "|",
        "|t:|1712786727",
        "|move|p1a: Sylveon|Hyper Voice|p2a: Amoonguss",
        "|-resisted|p2a: Amoonguss",
        "|-damage|p2a: Amoonguss|59/321 brn",
        "|move|p2a: Amoonguss|Giga Drain|p1a: Sylveon",
        "|-damage|p1a: Sylveon|141/297",
        "|-heal|p2a: Amoonguss|67/321 brn|[from] drain|[of] p1a: Sylveon",
        "|",
        "|-heal|p1a: Sylveon|159/297|[from] item: Leftovers",
        "|-damage|p2a: Amoonguss|47/321 brn|[from] brn",
        "|upkeep",
        "|turn|115",
        "|",
        "|t:|1712786727",
        "|move|p1a: Sylveon|Wish|p1a: Sylveon",
        "|move|p2a: Amoonguss|Spore|p1a: Sylveon",
        "|-status|p1a: Sylveon|slp|[from] move: Spore",
        "|",
        "|-heal|p1a: Sylveon|177/297 slp|[from] item: Leftovers",
        "|-damage|p2a: Amoonguss|27/321 brn|[from] brn",
        "|upkeep",
        "|turn|116",
        "|",
        "|t:|1712786727",
        "|cant|p1a: Sylveon|slp",
        "|move|p2a: Amoonguss|Giga Drain|p1a: Sylveon",
        "|-crit|p1a: Sylveon",
        "|-damage|p1a: Sylveon|95/297 slp",
        "|-heal|p2a: Amoonguss|68/321 brn|[from] drain|[of] p1a: Sylveon",
        "|",
        "|-heal|p1a: Sylveon|243/297 slp|[from] move: Wish|[wisher] Sylveon",
        "|-heal|p1a: Sylveon|261/297 slp|[from] item: Leftovers",
        "|-damage|p2a: Amoonguss|48/321 brn|[from] brn",
        "|upkeep",
        "|turn|117",
        "|",
        "|t:|1712786727",
        "|cant|p1a: Sylveon|slp",
        "|move|p2a: Amoonguss|Spore|p1a: Sylveon",
        "|-fail|p1a: Sylveon|slp",
        "|",
        "|-heal|p1a: Sylveon|279/297 slp|[from] item: Leftovers",
        "|-damage|p2a: Amoonguss|28/321 brn|[from] brn",
        "|upkeep",
        "|turn|118",
        "|",
        "|t:|1712786727",
        "|-curestatus|p1a: Sylveon|slp|[msg]",
        "|move|p1a: Sylveon|Hyper Voice|p2a: Amoonguss",
        "|-resisted|p2a: Amoonguss",
        "|-damage|p2a: Amoonguss|0 fnt",
        "|faint|p2a: Amoonguss",
        "|",
        "|win|RandomPlayer 19",
        "|raw|RandomPlayer 19's rating: 1052 &rarr; <strong>1110</strong><br />(+58 for winning)",
        "|raw|RandomPlayer 20's rating: 1220 &rarr; <strong>1197</strong><br />(-23 for losing)",
        ""
    ],
    "p1rating": 1109.9995597107666,
    "p2rating": 1196.8547622465214,
    "endType": "normal",
    "timestamp": "Wed Apr 10 2024 15:05:27 GMT-0700 (Pacific Daylight Time)",
    "roomid": "battle-gen9randombattle-1212",
    "format": "gen9randombattle"
}
