{
    "winner": "RandomPlayer 22",
    "seed": [
        49365,
        17702,
        26807,
        27518
    ],
    "turns": 81,
    "p1": "RandomPlayer 21",
    "p2": "RandomPlayer 22",
    "p1team": [
        {
            "name": "Necrozma",
            "species": "Necrozma",
            "gender": "N",
            "shiny": false,
            "level": 81,
            "moves": [
                "calmmind",
                "heatwave",
                "moonlight",
                "photongeyser"
            ],
            "ability": "Prism Armor",
            "evs": {
                "hp": 85,
                "atk": 0,
                "def": 85,
                "spa": 85,
                "spd": 85,
                "spe": 85
            },
            "ivs": {
                "hp": 31,
                "atk": 0,
                "def": 31,
                "spa": 31,
                "spd": 31,
                "spe": 31
            },
            "item": "Leftovers",
            "teraType": "Steel",
            "role": "Bulky Setup"
        },
        {
            "name": "Mandibuzz",
            "species": "Mandibuzz",
            "gender": "F",
            "shiny": false,
            "level": 84,
            "moves": [
                "defog",
                "roost",
                "uturn",
                "foulplay"
            ],
            "ability": "Overcoat",
            "evs": {
                "hp": 85,
                "atk": 85,
                "def": 85,
                "spa": 85,
                "spd": 85,
                "spe": 85
            },
            "ivs": {
                "hp": 31,
                "atk": 31,
                "def": 31,
                "spa": 31,
                "spd": 31,
                "spe": 31
            },
            "item": "Heavy-Duty Boots",
            "teraType": "Steel",
            "role": "Bulky Support"
        },
        {
            "name": "Volbeat",
            "species": "Volbeat",
            "gender": "M",
            "shiny": false,
            "level": 90,
            "moves": [
                "roost",
                "uturn",
                "encore",
                "thunderwave"
            ],
            "ability": "Prankster",
            "evs": {
                "hp": 85,
                "atk": 85,
                "def": 85,
                "spa": 85,
                "spd": 85,
                "spe": 85
            },
            "ivs": {
                "hp": 31,
                "atk": 31,
                "def": 31,
                "spa": 31,
                "spd": 31,
                "spe": 31
            },
            "item": "Heavy-Duty Boots",
            "teraType": "Steel",
            "role": "Bulky Support"
        },
        {
            "name": "Trevenant",
            "species": "Trevenant",
            "gender": "",
            "shiny": false,
            "level": 88,
            "moves": [
                "protect",
                "toxic",
                "poltergeist",
                "drainpunch"
            ],
            "ability": "Harvest",
            "evs": {
                "hp": 85,
                "atk": 85,
                "def": 85,
                "spa": 85,
                "spd": 85,
                "spe": 85
            },
            "ivs": {
                "hp": 31,
                "atk": 31,
                "def": 31,
                "spa": 31,
                "spd": 31,
                "spe": 31
            },
            "item": "Sitrus Berry",
            "teraType": "Fighting",
            "role": "Bulky Support"
        },
        {
            "name": "Persian",
            "species": "Persian-Alola",
            "gender": "",
            "shiny": false,
            "level": 86,
            "moves": [
                "thunderbolt",
                "nastyplot",
                "hypnosis",
                "darkpulse"
            ],
            "ability": "Fur Coat",
            "evs": {
                "hp": 85,
                "atk": 0,
                "def": 85,
                "spa": 85,
                "spd": 85,
                "spe": 85
            },
            "ivs": {
                "hp": 31,
                "atk": 0,
                "def": 31,
                "spa": 31,
                "spd": 31,
                "spe": 31
            },
            "item": "Leftovers",
            "teraType": "Dark",
            "role": "Fast Bulky Setup"
        },
        {
            "name": "Raichu",
            "species": "Raichu",
            "gender": "",
            "shiny": false,
            "level": 88,
            "moves": [
                "grassknot",
                "nuzzle",
                "surf",
                "thunderbolt"
            ],
            "ability": "Lightning Rod",
            "evs": {
                "hp": 85,
                "atk": 85,
                "def": 85,
                "spa": 85,
                "spd": 85,
                "spe": 85
            },
            "ivs": {
                "hp": 31,
                "atk": 31,
                "def": 31,
                "spa": 31,
                "spd": 31,
                "spe": 31
            },
            "item": "Assault Vest",
            "teraType": "Grass",
            "role": "Fast Support"
        }
    ],
    "p2team": [
        {
            "name": "Zebstrika",
            "species": "Zebstrika",
            "gender": "",
            "shiny": false,
            "level": 88,
            "moves": [
                "overheat",
                "voltswitch",
                "wildcharge",
                "highhorsepower"
            ],
            "ability": "Sap Sipper",
            "evs": {
                "hp": 85,
                "atk": 85,
                "def": 85,
                "spa": 85,
                "spd": 85,
                "spe": 85
            },
            "ivs": {
                "hp": 31,
                "atk": 31,
                "def": 31,
                "spa": 31,
                "spd": 31,
                "spe": 31
            },
            "item": "Life Orb",
            "teraType": "Ground",
            "role": "Fast Attacker"
        },
        {
            "name": "Feraligatr",
            "species": "Feraligatr",
            "gender": "",
            "shiny": false,
            "level": 80,
            "moves": [
                "crunch",
                "swordsdance",
                "aquajet",
                "liquidation"
            ],
            "ability": "Sheer Force",
            "evs": {
                "hp": 85,
                "atk": 85,
                "def": 85,
                "spa": 85,
                "spd": 85,
                "spe": 85
            },
            "ivs": {
                "hp": 31,
                "atk": 31,
                "def": 31,
                "spa": 31,
                "spd": 31,
                "spe": 31
            },
            "item": "Life Orb",
            "teraType": "Dragon",
            "role": "Bulky Setup"
        },
        {
            "name": "Gardevoir",
            "species": "Gardevoir",
            "gender": "",
            "shiny": false,
            "level": 83,
            "moves": [
                "psychic",
                "trick",
                "mysticalfire",
                "moonblast"
            ],
            "ability": "Trace",
            "evs": {
                "hp": 85,
                "atk": 0,
                "def": 85,
                "spa": 85,
                "spd": 85,
                "spe": 85
            },
            "ivs": {
                "hp": 31,
                "atk": 0,
                "def": 31,
                "spa": 31,
                "spd": 31,
                "spe": 31
            },
            "item": "Choice Scarf",
            "teraType": "Fire",
            "role": "Fast Attacker"
        },
        {
            "name": "Bastiodon",
            "species": "Bastiodon",
            "gender": "",
            "shiny": false,
            "level": 89,
            "moves": [
                "foulplay",
                "irondefense",
                "bodypress",
                "rest"
            ],
            "ability": "Soundproof",
            "evs": {
                "hp": 85,
                "atk": 0,
                "def": 85,
                "spa": 85,
                "spd": 85,
                "spe": 85
            },
            "ivs": {
                "hp": 31,
                "atk": 0,
                "def": 31,
                "spa": 31,
                "spd": 31,
                "spe": 31
            },
            "item": "Chesto Berry",
            "teraType": "Fighting",
            "role": "Bulky Setup"
        },
        {
            "name": "Raikou",
            "species": "Raikou",
            "gender": "N",
            "shiny": false,
            "level": 81,
            "moves": [
                "thunderbolt",
                "calmmind",
                "substitute",
                "scald"
            ],
            "ability": "Pressure",
            "evs": {
                "hp": 85,
                "atk": 0,
                "def": 85,
                "spa": 85,
                "spd": 85,
                "spe": 85
            },
            "ivs": {
                "hp": 31,
                "atk": 0,
                "def": 31,
                "spa": 31,
                "spd": 31,
                "spe": 31
            },
            "item": "Leftovers",
            "teraType": "Water",
            "role": "Bulky Setup"
        },
        {
            "name": "Trevenant",
            "species": "Trevenant",
            "gender": "",
            "shiny": false,
            "level": 88,
            "moves": [
                "poltergeist",
                "toxic",
                "protect",
                "drainpunch"
            ],
            "ability": "Harvest",
            "evs": {
                "hp": 85,
                "atk": 85,
                "def": 85,
                "spa": 85,
                "spd": 85,
                "spe": 85
            },
            "ivs": {
                "hp": 31,
                "atk": 31,
                "def": 31,
                "spa": 31,
                "spd": 31,
                "spe": 31
            },
            "item": "Sitrus Berry",
            "teraType": "Fairy",
            "role": "Bulky Support"
        }
    ],
    "score": [
        0,
        2
    ],
    "inputLog": [
        ">version 40d9c5fb874828a5ac5e80ab411b3f152e2a6b12",
        ">start {\"formatid\":\"gen9randombattle\",\"seed\":[49365,17702,26807,27518],\"rated\":\"Rated battle\"}",
        ">player p1 {\"name\":\"RandomPlayer 21\",\"avatar\":\"2\",\"rating\":1111,\"seed\":[8878,14349,3124,63266]}",
        ">player p2 {\"name\":\"RandomPlayer 22\",\"avatar\":\"169\",\"rating\":1063,\"seed\":[4139,19634,32100,54508]}",
        ">p1 move moonlight terastallize",
        ">p2 move voltswitch",
        ">p2 switch 6",
        ">p1 switch 6",
        ">p2 move drainpunch terastallize",
        ">p1 move grassknot",
        ">p2 switch 5",
        ">p1 move grassknot",
        ">p2 switch 4",
        ">p1 switch 5",
        ">p2 switch 3",
        ">p1 switch 6",
        ">p2 move moonblast",
        ">p1 switch 2",
        ">p2 switch 2",
        ">p1 switch 3",
        ">p2 move aquajet",
        ">p1 switch 4",
        ">p2 switch 4",
        ">p1 switch 3",
        ">p2 move thunderbolt",
        ">p1 move foulplay",
        ">p2 switch 3",
        ">p1 switch 5",
        ">p2 switch 3",
        ">p1 switch 4",
        ">p2 switch 2",
        ">p1 switch 4",
        ">p2 move trick",
        ">p1 move grassknot",
        ">p2 switch 6",
        ">p1 switch 4",
        ">p2 switch 2",
        ">p1 switch 2",
        ">p2 move scald",
        ">p1 switch 2",
        ">p2 move scald",
        ">p1 switch 3",
        ">p2 move calmmind",
        ">p1 move poltergeist",
        ">p2 switch 3",
        ">p1 move toxic",
        ">p2 switch 2",
        ">p1 move drainpunch",
        ">p2 switch 5",
        ">p1 move drainpunch",
        ">p2 move drainpunch",
        ">p1 move protect",
        ">p2 switch 4",
        ">p1 switch 6",
        ">p2 switch 3",
        ">p1 move nastyplot",
        ">p2 move calmmind",
        ">p1 move thunderbolt",
        ">p2 move substitute",
        ">p1 move hypnosis",
        ">p2 move substitute",
        ">p1 switch 6",
        ">p2 switch 4",
        ">p1 switch 6",
        ">p2 switch 3",
        ">p1 move hypnosis",
        ">p2 move liquidation",
        ">p1 move hypnosis",
        ">p2 switch 4",
        ">p1 switch 3",
        ">p2 move calmmind",
        ">p1 switch 5",
        ">p2 move calmmind",
        ">p1 switch 6",
        ">p2 switch 2",
        ">p1 move protect",
        ">p2 switch 6",
        ">p1 move toxic",
        ">p2 switch 6",
        ">p1 switch 5",
        ">p2 switch 2",
        ">p1 move uturn",
        ">p2 switch 5",
        ">p1 switch 6",
        ">p1 move uturn",
        ">p2 move overheat",
        ">p1 switch 3",
        ">p1 switch 3",
        ">p2 move overheat",
        ">p1 switch 2",
        ">p2 switch 3",
        ">p1 move photongeyser",
        ">p2 switch 6",
        ">p1 move heatwave",
        ">p2 move psychic",
        ">p1 switch 6",
        ">p2 switch 4",
        ">p1 move uturn",
        ">p2 move crunch",
        ">p1 switch 3",
        ">p1 move darkpulse",
        ">p2 switch 4",
        ">p1 switch 4",
        ">p2 switch 2",
        ">p1 switch 3",
        ">p2 move bodypress",
        ">p1 move roost",
        ">p2 switch 2",
        ">p1 move roost",
        ">p2 switch 2",
        ">p1 move encore",
        ">p2 move foulplay",
        ">p1 switch 6",
        ">p2 move bodypress",
        ">p1 switch 6",
        ">p1 move encore",
        ">p2 switch 2",
        ">p1 move thunderwave",
        ">p2 switch 4",
        ">p1 move encore",
        ">p2 switch 2",
        ">p1 switch 3",
        ">p2 switch 6",
        ">p1 move grassknot",
        ">p2 move poltergeist",
        ">p1 switch 4",
        ">p1 switch 3",
        ">p2 move poltergeist",
        ">p1 switch 5",
        ">p1 move protect",
        ">p2 switch 5",
        ">p1 move toxic",
        ">p2 move substitute",
        ">p1 switch 3",
        ">p2 switch 2",
        ">p1 move darkpulse",
        ">p2 move swordsdance",
        ">p1 move nastyplot",
        ">p2 switch 6",
        ">p1 move darkpulse",
        ">p2 switch 5",
        ">p1 move hypnosis",
        ">p2 move toxic",
        ">p1 move thunderbolt",
        ">p2 move drainpunch",
        ">p1 move nastyplot",
        ">p2 move poltergeist",
        ">p1 move thunderbolt",
        ">p2 switch 5",
        ">p2 switch 6",
        ">p1 move thunderbolt",
        ">p2 move liquidation",
        ">p2 switch 4",
        ">p1 move hypnosis",
        ">p2 move mysticalfire",
        ">p1 move hypnosis",
        ">p2 move moonblast",
        ">p1 switch 3",
        ">p1 move protect",
        ">p2 move moonblast",
        ">p1 move protect",
        ">p2 move psychic",
        ">p1 move poltergeist",
        ">p2 move mysticalfire",
        ">p2 switch 5",
        ">p1 move poltergeist",
        ">p2 move drainpunch",
        ">p1 move toxic",
        ">p2 move toxic",
        ">p1 move toxic",
        ">p2 switch 2",
        ">p1 move protect",
        ">p2 move calmmind",
        ">p1 move protect",
        ">p2 move scald",
        ">p1 move protect",
        ">p2 move scald",
        ">p1 move poltergeist",
        ">p2 switch 2"
    ],
    "log": [
        "|uhtml|medal-msg|<div class=\"broadcast-blue\">Curious what those medals under the avatar are? PS now has Ladder Seasons! For more information, check out the <a href=\"https://www.smogon.com/forums/threads/3740067/\">thread on Smogon.</a></div>",
        "|uhtml|medal-msg|<div class=\"broadcast-blue\">Curious what those medals under the avatar are? PS now has Ladder Seasons! For more information, check out the <a href=\"https://www.smogon.com/forums/threads/3740067/\">thread on Smogon.</a></div>",
        "|j|☆RandomPlayer 21",
        "|j|☆RandomPlayer 22",
        "|t:|1712781565",
        "|gametype|singles",
        "|player|p1|RandomPlayer 21|2|1111",
        "|player|p2|RandomPlayer 22|169|1063",
        "|teamsize|p1|6",
        "|teamsize|p2|6",
        "|gen|9",
        "|tier|[Gen 9] Random Battle",
        "|rated|",
        "|rule|Species Clause: Limit one of each Pokémon",
        "|rule|HP Percentage Mod: HP is shown in percentages",
        "|rule|Sleep Clause Mod: Limit one foe put to sleep",
        "|rule|Illusion Level Mod: Illusion disguises the Pokémon's true level",
        "|",
        "|t:|1712781565",
        "|start",
        "|switch|p1a: Necrozma|Necrozma, L81|290/290",
        "|switch|p2a: Zebstrika|Zebstrika, L88, M|275/275",
        "|turn|1",
        "|",
        "|t:|1712781565",
        "|-terastallize|p1a: Necrozma|Steel",
        "|move|p2a: Zebstrika|Volt Switch|p1a: Necrozma",
        "|-crit|p1a: Necrozma",
        "|-damage|p1a: Necrozma|144/290",
        "|-damage|p2a: Zebstrika|248/275|[from] item: Life Orb",
        "|",
        "|t:|1712781565",
        "|switch|p2a: Trevenant|Trevenant, L88, M|293/293|[from] Volt Switch",
        "|move|p1a: Necrozma|Moonlight|p1a: Necrozma",
        "|-heal|p1a: Necrozma|289/290",
        "|",
        "|-heal|p1a: Necrozma|290/290|[from] item: Leftovers",
        "|upkeep",
        "|turn|2",
        "|",
        "|t:|1712781565",
        "|switch|p1a: Raichu|Raichu, L88, M|249/249",
        "|-terastallize|p2a: Trevenant|Fairy",
        "|move|p2a: Trevenant|Drain Punch|p1a: Raichu",
        "|-damage|p1a: Raichu|160/249",
        "|",
        "|upkeep",
        "|turn|3",
        "|",
        "|t:|1712781565",
        "|switch|p2a: Raikou|Raikou, L81|278/278",
        "|-ability|p2a: Raikou|Pressure",
        "|move|p1a: Raichu|Grass Knot|p2a: Raikou",
        "|-damage|p2a: Raikou|206/278",
        "|",
        "|-heal|p2a: Raikou|223/278|[from] item: Leftovers",
        "|upkeep",
        "|turn|4",
        "|",
        "|t:|1712781566",
        "|switch|p2a: Bastiodon|Bastiodon, L89, F|252/252",
        "|move|p1a: Raichu|Grass Knot|p2a: Bastiodon",
        "|-damage|p2a: Bastiodon|198/252",
        "|",
        "|upkeep",
        "|turn|5",
        "|",
        "|t:|1712781566",
        "|switch|p1a: Persian|Persian-Alola, L86, M|252/252",
        "|switch|p2a: Gardevoir|Gardevoir, L83, M|249/249",
        "|-ability|p2a: Gardevoir|Fur Coat|[from] ability: Trace|[of] p1a: Persian",
        "|",
        "|upkeep",
        "|turn|6",
        "|",
        "|t:|1712781566",
        "|switch|p1a: Necrozma|Necrozma, L81, tera:Steel|290/290",
        "|move|p2a: Gardevoir|Moonblast|p1a: Necrozma",
        "|-resisted|p1a: Necrozma",
        "|-damage|p1a: Necrozma|227/290",
        "|",
        "|-heal|p1a: Necrozma|245/290|[from] item: Leftovers",
        "|upkeep",
        "|turn|7",
        "|",
        "|t:|1712781566",
        "|switch|p2a: Feraligatr|Feraligatr, L80, F|267/267",
        "|switch|p1a: Mandibuzz|Mandibuzz, L84, F|322/322",
        "|",
        "|upkeep",
        "|turn|8",
        "|",
        "|t:|1712781566",
        "|switch|p1a: Volbeat|Volbeat, L90, M|263/263",
        "|move|p2a: Feraligatr|Aqua Jet|p1a: Volbeat",
        "|-damage|p1a: Volbeat|199/263",
        "|-damage|p2a: Feraligatr|241/267|[from] item: Life Orb",
        "|",
        "|upkeep",
        "|turn|9",
        "|",
        "|t:|1712781566",
        "|switch|p1a: Trevenant|Trevenant, L88, F|293/293",
        "|switch|p2a: Raikou|Raikou, L81|223/278",
        "|-ability|p2a: Raikou|Pressure",
        "|",
        "|-heal|p2a: Raikou|240/278|[from] item: Leftovers",
        "|upkeep",
        "|turn|10",
        "|",
        "|t:|1712781566",
        "|switch|p1a: Mandibuzz|Mandibuzz, L84, F|322/322",
        "|move|p2a: Raikou|Thunderbolt|p1a: Mandibuzz",
        "|-supereffective|p1a: Mandibuzz",
        "|-damage|p1a: Mandibuzz|140/322",
        "|",
        "|-heal|p2a: Raikou|257/278|[from] item: Leftovers",
        "|upkeep",
        "|turn|11",
        "|",
        "|t:|1712781566",
        "|switch|p2a: Bastiodon|Bastiodon, L89, F|198/252",
        "|move|p1a: Mandibuzz|Foul Play|p2a: Bastiodon",
        "|-damage|p2a: Bastiodon|170/252",
        "|",
        "|upkeep",
        "|turn|12",
        "|",
        "|t:|1712781566",
        "|switch|p1a: Raichu|Raichu, L88, M|160/249",
        "|switch|p2a: Raikou|Raikou, L81|257/278",
        "|-ability|p2a: Raikou|Pressure",
        "|",
        "|-heal|p2a: Raikou|274/278|[from] item: Leftovers",
        "|upkeep",
        "|turn|13",
        "|",
        "|t:|1712781566",
        "|switch|p1a: Volbeat|Volbeat, L90, M|199/263",
        "|switch|p2a: Gardevoir|Gardevoir, L83, M|249/249",
        "|-ability|p2a: Gardevoir|Prankster|[from] ability: Trace|[of] p1a: Volbeat",
        "|",
        "|upkeep",
        "|turn|14",
        "|",
        "|t:|1712781566",
        "|switch|p1a: Raichu|Raichu, L88, M|160/249",
        "|move|p2a: Gardevoir|Trick|p1a: Raichu",
        "|-activate|p2a: Gardevoir|move: Trick|[of] p1a: Raichu",
        "|-item|p1a: Raichu|Choice Scarf|[from] move: Trick",
        "|-item|p2a: Gardevoir|Assault Vest|[from] move: Trick",
        "|",
        "|upkeep",
        "|turn|15",
        "|",
        "|t:|1712781566",
        "|switch|p2a: Zebstrika|Zebstrika, L88, M|248/275",
        "|move|p1a: Raichu|Grass Knot|p2a: Zebstrika",
        "|-ability|p2a: Zebstrika|Sap Sipper|boost",
        "|-boost|p2a: Zebstrika|atk|1",
        "|",
        "|upkeep",
        "|turn|16",
        "|",
        "|t:|1712781566",
        "|switch|p1a: Volbeat|Volbeat, L90, M|199/263",
        "|switch|p2a: Raikou|Raikou, L81|274/278",
        "|-ability|p2a: Raikou|Pressure",
        "|",
        "|-heal|p2a: Raikou|278/278|[from] item: Leftovers",
        "|upkeep",
        "|turn|17",
        "|",
        "|t:|1712781566",
        "|switch|p1a: Necrozma|Necrozma, L81, tera:Steel|245/290",
        "|move|p2a: Raikou|Scald|p1a: Necrozma",
        "|-damage|p1a: Necrozma|182/290",
        "|-status|p1a: Necrozma|brn",
        "|",
        "|-heal|p1a: Necrozma|200/290 brn|[from] item: Leftovers",
        "|-damage|p1a: Necrozma|182/290 brn|[from] brn",
        "|upkeep",
        "|turn|18",
        "|",
        "|t:|1712781566",
        "|switch|p1a: Volbeat|Volbeat, L90, M|199/263",
        "|move|p2a: Raikou|Scald|p1a: Volbeat",
        "|-damage|p1a: Volbeat|145/263",
        "|-status|p1a: Volbeat|brn",
        "|",
        "|-damage|p1a: Volbeat|129/263 brn|[from] brn",
        "|upkeep",
        "|turn|19",
        "|",
        "|t:|1712781566",
        "|switch|p1a: Trevenant|Trevenant, L88, F|293/293",
        "|move|p2a: Raikou|Calm Mind|p2a: Raikou",
        "|-boost|p2a: Raikou|spa|1",
        "|-boost|p2a: Raikou|spd|1",
        "|",
        "|upkeep",
        "|turn|20",
        "|",
        "|t:|1712781566",
        "|switch|p2a: Bastiodon|Bastiodon, L89, F|170/252",
        "|move|p1a: Trevenant|Poltergeist|p2a: Bastiodon",
        "|-activate|p2a: Bastiodon|move: Poltergeist|Chesto Berry",
        "|-damage|p2a: Bastiodon|94/252",
        "|",
        "|upkeep",
        "|turn|21",
        "|",
        "|t:|1712781566",
        "|switch|p2a: Zebstrika|Zebstrika, L88, M|248/275",
        "|move|p1a: Trevenant|Toxic|p2a: Zebstrika",
        "|-status|p2a: Zebstrika|tox",
        "|",
        "|-damage|p2a: Zebstrika|231/275 tox|[from] psn",
        "|upkeep",
        "|turn|22",
        "|",
        "|t:|1712781566",
        "|switch|p2a: Trevenant|Trevenant, L88, M, tera:Fairy|293/293",
        "|move|p1a: Trevenant|Drain Punch|p2a: Trevenant",
        "|-resisted|p2a: Trevenant",
        "|-damage|p2a: Trevenant|260/293",
        "|",
        "|upkeep",
        "|turn|23",
        "|",
        "|t:|1712781566",
        "|move|p1a: Trevenant|Drain Punch|p2a: Trevenant",
        "|-resisted|p2a: Trevenant",
        "|-damage|p2a: Trevenant|226/293",
        "|move|p2a: Trevenant|Drain Punch|p1a: Trevenant",
        "|-immune|p1a: Trevenant",
        "|",
        "|upkeep",
        "|turn|24",
        "|",
        "|t:|1712781566",
        "|switch|p2a: Feraligatr|Feraligatr, L80, F|241/267",
        "|move|p1a: Trevenant|Protect||[still]",
        "|-fail|p1a: Trevenant",
        "|",
        "|upkeep",
        "|turn|25",
        "|",
        "|t:|1712781566",
        "|switch|p2a: Raikou|Raikou, L81|278/278",
        "|-ability|p2a: Raikou|Pressure",
        "|switch|p1a: Persian|Persian-Alola, L86, M|252/252",
        "|",
        "|upkeep",
        "|turn|26",
        "|",
        "|t:|1712781566",
        "|move|p1a: Persian|Nasty Plot|p1a: Persian",
        "|-boost|p1a: Persian|spa|2",
        "|move|p2a: Raikou|Calm Mind|p2a: Raikou",
        "|-boost|p2a: Raikou|spa|1",
        "|-boost|p2a: Raikou|spd|1",
        "|",
        "|upkeep",
        "|turn|27",
        "|",
        "|t:|1712781566",
        "|move|p1a: Persian|Thunderbolt|p2a: Raikou",
        "|-resisted|p2a: Raikou",
        "|-damage|p2a: Raikou|247/278",
        "|move|p2a: Raikou|Substitute|p2a: Raikou",
        "|-start|p2a: Raikou|Substitute",
        "|-damage|p2a: Raikou|178/278",
        "|",
        "|-heal|p2a: Raikou|195/278|[from] item: Leftovers",
        "|upkeep",
        "|turn|28",
        "|",
        "|t:|1712781566",
        "|move|p1a: Persian|Hypnosis||[still]",
        "|-fail|p1a: Persian",
        "|move|p2a: Raikou|Substitute|p2a: Raikou",
        "|-fail|p2a: Raikou|move: Substitute",
        "|",
        "|-heal|p2a: Raikou|212/278|[from] item: Leftovers",
        "|upkeep",
        "|turn|29",
        "|",
        "|t:|1712781566",
        "|switch|p1a: Trevenant|Trevenant, L88, F|293/293",
        "|switch|p2a: Trevenant|Trevenant, L88, M, tera:Fairy|226/293",
        "|",
        "|upkeep",
        "|turn|30",
        "|",
        "|t:|1712781566",
        "|switch|p2a: Feraligatr|Feraligatr, L80, F|241/267",
        "|switch|p1a: Persian|Persian-Alola, L86, M|252/252",
        "|",
        "|upkeep",
        "|turn|31",
        "|",
        "|t:|1712781566",
        "|move|p1a: Persian|Hypnosis|p2a: Feraligatr",
        "|-status|p2a: Feraligatr|slp|[from] move: Hypnosis",
        "|cant|p2a: Feraligatr|slp",
        "|",
        "|upkeep",
        "|turn|32",
        "|",
        "|t:|1712781566",
        "|switch|p2a: Raikou|Raikou, L81|212/278",
        "|-ability|p2a: Raikou|Pressure",
        "|move|p1a: Persian|Hypnosis|p2a: Raikou|[miss]",
        "|-miss|p1a: Persian|p2a: Raikou",
        "|",
        "|-heal|p2a: Raikou|229/278|[from] item: Leftovers",
        "|upkeep",
        "|turn|33",
        "|",
        "|t:|1712781566",
        "|switch|p1a: Volbeat|Volbeat, L90, M|129/263 brn",
        "|move|p2a: Raikou|Calm Mind|p2a: Raikou",
        "|-boost|p2a: Raikou|spa|1",
        "|-boost|p2a: Raikou|spd|1",
        "|",
        "|-heal|p2a: Raikou|246/278|[from] item: Leftovers",
        "|-damage|p1a: Volbeat|113/263 brn|[from] brn",
        "|upkeep",
        "|turn|34",
        "|",
        "|t:|1712781566",
        "|switch|p1a: Mandibuzz|Mandibuzz, L84, F|140/322",
        "|move|p2a: Raikou|Calm Mind|p2a: Raikou",
        "|-boost|p2a: Raikou|spa|1",
        "|-boost|p2a: Raikou|spd|1",
        "|",
        "|-heal|p2a: Raikou|263/278|[from] item: Leftovers",
        "|upkeep",
        "|turn|35",
        "|",
        "|t:|1712781566",
        "|switch|p2a: Bastiodon|Bastiodon, L89, F|94/252",
        "|switch|p1a: Trevenant|Trevenant, L88, F|293/293",
        "|",
        "|upkeep",
        "|turn|36",
        "|",
        "|t:|1712781566",
        "|switch|p2a: Gardevoir|Gardevoir, L83, M|249/249",
        "|-ability|p2a: Gardevoir|Harvest|[from] ability: Trace|[of] p1a: Trevenant",
        "|move|p1a: Trevenant|Protect||[still]",
        "|-fail|p1a: Trevenant",
        "|",
        "|upkeep",
        "|turn|37",
        "|",
        "|t:|1712781566",
        "|switch|p2a: Bastiodon|Bastiodon, L89, F|94/252",
        "|move|p1a: Trevenant|Toxic|p2a: Bastiodon",
        "|-immune|p2a: Bastiodon",
        "|",
        "|upkeep",
        "|turn|38",
        "|",
        "|t:|1712781566",
        "|switch|p1a: Volbeat|Volbeat, L90, M|113/263 brn",
        "|switch|p2a: Raikou|Raikou, L81|263/278",
        "|-ability|p2a: Raikou|Pressure",
        "|",
        "|-heal|p2a: Raikou|278/278|[from] item: Leftovers",
        "|-damage|p1a: Volbeat|97/263 brn|[from] brn",
        "|upkeep",
        "|turn|39",
        "|",
        "|t:|1712781566",
        "|switch|p2a: Zebstrika|Zebstrika, L88, M|231/275 tox",
        "|move|p1a: Volbeat|U-turn|p2a: Zebstrika",
        "|-damage|p2a: Zebstrika|192/275 tox",
        "|",
        "|t:|1712781566",
        "|switch|p1a: Mandibuzz|Mandibuzz, L84, F|140/322|[from] U-turn",
        "|",
        "|-damage|p2a: Zebstrika|175/275 tox|[from] psn",
        "|upkeep",
        "|turn|40",
        "|",
        "|t:|1712781566",
        "|move|p2a: Zebstrika|Overheat|p1a: Mandibuzz",
        "|-damage|p1a: Mandibuzz|28/322",
        "|-unboost|p2a: Zebstrika|spa|2",
        "|-damage|p2a: Zebstrika|148/275 tox|[from] item: Life Orb",
        "|move|p1a: Mandibuzz|U-turn|p2a: Zebstrika",
        "|-damage|p2a: Zebstrika|101/275 tox",
        "|",
        "|t:|1712781566",
        "|switch|p1a: Persian|Persian-Alola, L86, M|252/252|[from] U-turn",
        "|",
        "|-damage|p2a: Zebstrika|67/275 tox|[from] psn",
        "|upkeep",
        "|turn|41",
        "|",
        "|t:|1712781566",
        "|switch|p1a: Mandibuzz|Mandibuzz, L84, F|28/322",
        "|move|p2a: Zebstrika|Overheat|p1a: Mandibuzz",
        "|-damage|p1a: Mandibuzz|0 fnt",
        "|-unboost|p2a: Zebstrika|spa|2",
        "|faint|p1a: Mandibuzz",
        "|-damage|p2a: Zebstrika|40/275 tox|[from] item: Life Orb",
        "|",
        "|-damage|p2a: Zebstrika|0 fnt|[from] psn",
        "|faint|p2a: Zebstrika",
        "|upkeep",
        "|",
        "|t:|1712781566",
        "|switch|p2a: Trevenant|Trevenant, L88, M, tera:Fairy|226/293",
        "|switch|p1a: Necrozma|Necrozma, L81, tera:Steel|182/290 brn",
        "|turn|42",
        "|",
        "|t:|1712781566",
        "|switch|p2a: Gardevoir|Gardevoir, L83, M|249/249",
        "|-ability|p2a: Gardevoir|Prism Armor|[from] ability: Trace|[of] p1a: Necrozma",
        "|move|p1a: Necrozma|Photon Geyser|p2a: Gardevoir",
        "|-resisted|p2a: Gardevoir",
        "|-crit|p2a: Gardevoir",
        "|-damage|p2a: Gardevoir|203/249",
        "|",
        "|-heal|p1a: Necrozma|200/290 brn|[from] item: Leftovers",
        "|-damage|p1a: Necrozma|182/290 brn|[from] brn",
        "|upkeep",
        "|turn|43",
        "|",
        "|t:|1712781566",
        "|move|p2a: Gardevoir|Psychic|p1a: Necrozma",
        "|-resisted|p1a: Necrozma",
        "|-damage|p1a: Necrozma|126/290 brn",
        "|move|p1a: Necrozma|Heat Wave|p2a: Gardevoir",
        "|-damage|p2a: Gardevoir|163/249",
        "|",
        "|-heal|p1a: Necrozma|144/290 brn|[from] item: Leftovers",
        "|-damage|p1a: Necrozma|126/290 brn|[from] brn",
        "|upkeep",
        "|turn|44",
        "|",
        "|t:|1712781566",
        "|switch|p2a: Feraligatr|Feraligatr, L80, F|241/267 slp",
        "|switch|p1a: Volbeat|Volbeat, L90, M|97/263 brn",
        "|",
        "|-damage|p1a: Volbeat|81/263 brn|[from] brn",
        "|upkeep",
        "|turn|45",
        "|",
        "|t:|1712781566",
        "|move|p1a: Volbeat|U-turn|p2a: Feraligatr",
        "|-damage|p2a: Feraligatr|206/267 slp",
        "|",
        "|t:|1712781566",
        "|switch|p1a: Persian|Persian-Alola, L86, M|252/252|[from] U-turn",
        "|-curestatus|p2a: Feraligatr|slp|[msg]",
        "|move|p2a: Feraligatr|Crunch|p1a: Persian",
        "|-resisted|p1a: Persian",
        "|-damage|p1a: Persian|221/252",
        "|",
        "|-heal|p1a: Persian|236/252|[from] item: Leftovers",
        "|upkeep",
        "|turn|46",
        "|",
        "|t:|1712781566",
        "|switch|p2a: Gardevoir|Gardevoir, L83, M|163/249",
        "|-ability|p2a: Gardevoir|Fur Coat|[from] ability: Trace|[of] p1a: Persian",
        "|move|p1a: Persian|Dark Pulse|p2a: Gardevoir",
        "|-damage|p2a: Gardevoir|121/249",
        "|",
        "|-heal|p1a: Persian|251/252|[from] item: Leftovers",
        "|upkeep",
        "|turn|47",
        "|",
        "|t:|1712781566",
        "|switch|p1a: Raichu|Raichu, L88, M|160/249",
        "|switch|p2a: Bastiodon|Bastiodon, L89, F|94/252",
        "|",
        "|upkeep",
        "|turn|48",
        "|",
        "|t:|1712781566",
        "|switch|p1a: Volbeat|Volbeat, L90, M|81/263 brn",
        "|move|p2a: Bastiodon|Body Press|p1a: Volbeat",
        "|-resisted|p1a: Volbeat",
        "|-damage|p1a: Volbeat|31/263 brn",
        "|",
        "|-damage|p1a: Volbeat|15/263 brn|[from] brn",
        "|upkeep",
        "|turn|49",
        "|",
        "|t:|1712781566",
        "|switch|p2a: Gardevoir|Gardevoir, L83, M|121/249",
        "|-ability|p2a: Gardevoir|Prankster|[from] ability: Trace|[of] p1a: Volbeat",
        "|move|p1a: Volbeat|Roost|p1a: Volbeat",
        "|-heal|p1a: Volbeat|147/263 brn",
        "|-singleturn|p1a: Volbeat|move: Roost",
        "|",
        "|-damage|p1a: Volbeat|131/263 brn|[from] brn",
        "|upkeep",
        "|turn|50",
        "|",
        "|t:|1712781566",
        "|switch|p2a: Bastiodon|Bastiodon, L89, F|94/252",
        "|move|p1a: Volbeat|Roost|p1a: Volbeat",
        "|-heal|p1a: Volbeat|263/263 brn",
        "|-singleturn|p1a: Volbeat|move: Roost",
        "|",
        "|-damage|p1a: Volbeat|247/263 brn|[from] brn",
        "|upkeep",
        "|turn|51",
        "|",
        "|t:|1712781566",
        "|move|p1a: Volbeat|Encore||[still]",
        "|-fail|p1a: Volbeat",
        "|move|p2a: Bastiodon|Foul Play|p1a: Volbeat",
        "|-damage|p1a: Volbeat|180/263 brn",
        "|",
        "|-damage|p1a: Volbeat|164/263 brn|[from] brn",
        "|upkeep",
        "|turn|52",
        "|",
        "|t:|1712781566",
        "|switch|p1a: Necrozma|Necrozma, L81, tera:Steel|126/290 brn",
        "|move|p2a: Bastiodon|Body Press|p1a: Necrozma",
        "|-supereffective|p1a: Necrozma",
        "|-damage|p1a: Necrozma|0 fnt",
        "|faint|p1a: Necrozma",
        "|",
        "|upkeep",
        "|",
        "|t:|1712781566",
        "|switch|p1a: Volbeat|Volbeat, L90, M|164/263 brn",
        "|turn|53",
        "|",
        "|t:|1712781566",
        "|switch|p2a: Gardevoir|Gardevoir, L83, M|121/249",
        "|-ability|p2a: Gardevoir|Prankster|[from] ability: Trace|[of] p1a: Volbeat",
        "|move|p1a: Volbeat|Encore||[still]",
        "|-fail|p1a: Volbeat",
        "|",
        "|-damage|p1a: Volbeat|148/263 brn|[from] brn",
        "|upkeep",
        "|turn|54",
        "|",
        "|t:|1712781566",
        "|switch|p2a: Feraligatr|Feraligatr, L80, F|206/267",
        "|move|p1a: Volbeat|Thunder Wave|p2a: Feraligatr",
        "|-status|p2a: Feraligatr|par",
        "|",
        "|-damage|p1a: Volbeat|132/263 brn|[from] brn",
        "|upkeep",
        "|turn|55",
        "|",
        "|t:|1712781566",
        "|switch|p2a: Bastiodon|Bastiodon, L89, F|94/252",
        "|move|p1a: Volbeat|Encore||[still]",
        "|-fail|p1a: Volbeat",
        "|",
        "|-damage|p1a: Volbeat|116/263 brn|[from] brn",
        "|upkeep",
        "|turn|56",
        "|",
        "|t:|1712781566",
        "|switch|p1a: Raichu|Raichu, L88, M|160/249",
        "|switch|p2a: Trevenant|Trevenant, L88, M, tera:Fairy|226/293",
        "|",
        "|upkeep",
        "|turn|57",
        "|",
        "|t:|1712781566",
        "|move|p1a: Raichu|Grass Knot|p2a: Trevenant",
        "|-damage|p2a: Trevenant|165/293",
        "|move|p2a: Trevenant|Poltergeist|p1a: Raichu",
        "|-activate|p1a: Raichu|move: Poltergeist|Choice Scarf",
        "|-damage|p1a: Raichu|0 fnt",
        "|faint|p1a: Raichu",
        "|",
        "|upkeep",
        "|",
        "|t:|1712781566",
        "|switch|p1a: Persian|Persian-Alola, L86, M|251/252",
        "|turn|58",
        "|",
        "|t:|1712781566",
        "|switch|p1a: Volbeat|Volbeat, L90, M|116/263 brn",
        "|move|p2a: Trevenant|Poltergeist|p1a: Volbeat",
        "|-activate|p1a: Volbeat|move: Poltergeist|Heavy-Duty Boots",
        "|-damage|p1a: Volbeat|0 fnt",
        "|faint|p1a: Volbeat",
        "|",
        "|upkeep",
        "|",
        "|t:|1712781566",
        "|switch|p1a: Trevenant|Trevenant, L88, F|293/293",
        "|turn|59",
        "|",
        "|t:|1712781566",
        "|switch|p2a: Raikou|Raikou, L81|278/278",
        "|-ability|p2a: Raikou|Pressure",
        "|move|p1a: Trevenant|Protect||[still]",
        "|-fail|p1a: Trevenant",
        "|",
        "|upkeep",
        "|turn|60",
        "|",
        "|t:|1712781566",
        "|move|p2a: Raikou|Substitute|p2a: Raikou",
        "|-start|p2a: Raikou|Substitute",
        "|-damage|p2a: Raikou|209/278",
        "|move|p1a: Trevenant|Toxic||[still]",
        "|-fail|p1a: Trevenant",
        "|",
        "|-heal|p2a: Raikou|226/278|[from] item: Leftovers",
        "|upkeep",
        "|turn|61",
        "|",
        "|t:|1712781566",
        "|switch|p2a: Feraligatr|Feraligatr, L80, F|206/267 par",
        "|switch|p1a: Persian|Persian-Alola, L86, M|251/252",
        "|",
        "|-heal|p1a: Persian|252/252|[from] item: Leftovers",
        "|upkeep",
        "|turn|62",
        "|",
        "|t:|1712781566",
        "|move|p1a: Persian|Dark Pulse|p2a: Feraligatr",
        "|-damage|p2a: Feraligatr|127/267 par",
        "|move|p2a: Feraligatr|Swords Dance|p2a: Feraligatr",
        "|-boost|p2a: Feraligatr|atk|2",
        "|",
        "|upkeep",
        "|turn|63",
        "|",
        "|t:|1712781566",
        "|switch|p2a: Bastiodon|Bastiodon, L89, F|94/252",
        "|move|p1a: Persian|Nasty Plot|p1a: Persian",
        "|-boost|p1a: Persian|spa|2",
        "|",
        "|upkeep",
        "|turn|64",
        "|",
        "|t:|1712781566",
        "|switch|p2a: Trevenant|Trevenant, L88, M, tera:Fairy|165/293",
        "|move|p1a: Persian|Dark Pulse|p2a: Trevenant",
        "|-resisted|p2a: Trevenant",
        "|-damage|p2a: Trevenant|93/293",
        "|-enditem|p2a: Trevenant|Sitrus Berry|[eat]",
        "|-heal|p2a: Trevenant|166/293|[from] item: Sitrus Berry",
        "|",
        "|upkeep",
        "|turn|65",
        "|",
        "|t:|1712781566",
        "|move|p1a: Persian|Hypnosis|p2a: Trevenant",
        "|-status|p2a: Trevenant|slp|[from] move: Hypnosis",
        "|cant|p2a: Trevenant|slp",
        "|",
        "|upkeep",
        "|turn|66",
        "|",
        "|t:|1712781566",
        "|move|p1a: Persian|Thunderbolt|p2a: Trevenant",
        "|-damage|p2a: Trevenant|49/293 slp",
        "|cant|p2a: Trevenant|slp",
        "|",
        "|-item|p2a: Trevenant|Sitrus Berry|[from] ability: Harvest",
        "|upkeep",
        "|-enditem|p2a: Trevenant|Sitrus Berry|[eat]",
        "|-heal|p2a: Trevenant|122/293 slp|[from] item: Sitrus Berry",
        "|turn|67",
        "|",
        "|t:|1712781566",
        "|move|p1a: Persian|Nasty Plot|p1a: Persian",
        "|-boost|p1a: Persian|spa|2",
        "|-curestatus|p2a: Trevenant|slp|[msg]",
        "|move|p2a: Trevenant|Poltergeist|p1a: Persian",
        "|-activate|p1a: Persian|move: Poltergeist|Leftovers",
        "|-resisted|p1a: Persian",
        "|-damage|p1a: Persian|202/252",
        "|",
        "|-heal|p1a: Persian|217/252|[from] item: Leftovers",
        "|upkeep",
        "|turn|68",
        "|",
        "|t:|1712781566",
        "|switch|p2a: Bastiodon|Bastiodon, L89, F|94/252",
        "|move|p1a: Persian|Thunderbolt|p2a: Bastiodon",
        "|-damage|p2a: Bastiodon|0 fnt",
        "|faint|p2a: Bastiodon",
        "|",
        "|-heal|p1a: Persian|232/252|[from] item: Leftovers",
        "|upkeep",
        "|",
        "|t:|1712781566",
        "|switch|p2a: Feraligatr|Feraligatr, L80, F|127/267 par",
        "|turn|69",
        "|",
        "|t:|1712781566",
        "|move|p1a: Persian|Thunderbolt|p2a: Feraligatr",
        "|-supereffective|p2a: Feraligatr",
        "|-damage|p2a: Feraligatr|0 fnt",
        "|faint|p2a: Feraligatr",
        "|",
        "|-heal|p1a: Persian|247/252|[from] item: Leftovers",
        "|upkeep",
        "|",
        "|t:|1712781566",
        "|switch|p2a: Gardevoir|Gardevoir, L83, M|121/249",
        "|-ability|p2a: Gardevoir|Fur Coat|[from] ability: Trace|[of] p1a: Persian",
        "|turn|70",
        "|",
        "|t:|1712781566",
        "|move|p1a: Persian|Hypnosis|p2a: Gardevoir|[miss]",
        "|-miss|p1a: Persian|p2a: Gardevoir",
        "|move|p2a: Gardevoir|Mystical Fire|p1a: Persian",
        "|-crit|p1a: Persian",
        "|-damage|p1a: Persian|136/252",
        "|-unboost|p1a: Persian|spa|1",
        "|",
        "|-heal|p1a: Persian|151/252|[from] item: Leftovers",
        "|upkeep",
        "|turn|71",
        "|",
        "|t:|1712781566",
        "|move|p1a: Persian|Hypnosis|p2a: Gardevoir|[miss]",
        "|-miss|p1a: Persian|p2a: Gardevoir",
        "|move|p2a: Gardevoir|Moonblast|p1a: Persian",
        "|-supereffective|p1a: Persian",
        "|-damage|p1a: Persian|0 fnt",
        "|faint|p1a: Persian",
        "|",
        "|upkeep",
        "|",
        "|t:|1712781566",
        "|switch|p1a: Trevenant|Trevenant, L88, F|293/293",
        "|turn|72",
        "|",
        "|t:|1712781566",
        "|move|p1a: Trevenant|Protect|p1a: Trevenant",
        "|-singleturn|p1a: Trevenant|Protect",
        "|move|p2a: Gardevoir|Moonblast|p1a: Trevenant",
        "|-activate|p1a: Trevenant|move: Protect",
        "|",
        "|upkeep",
        "|turn|73",
        "|",
        "|t:|1712781566",
        "|move|p1a: Trevenant|Protect||[still]",
        "|-fail|p1a: Trevenant",
        "|move|p2a: Gardevoir|Psychic|p1a: Trevenant",
        "|-damage|p1a: Trevenant|173/293",
        "|",
        "|upkeep",
        "|turn|74",
        "|",
        "|t:|1712781566",
        "|move|p2a: Gardevoir|Mystical Fire|p1a: Trevenant",
        "|-supereffective|p1a: Trevenant",
        "|-damage|p1a: Trevenant|53/293",
        "|-unboost|p1a: Trevenant|spa|1",
        "|-enditem|p1a: Trevenant|Sitrus Berry|[eat]",
        "|-heal|p1a: Trevenant|126/293|[from] item: Sitrus Berry",
        "|move|p1a: Trevenant|Poltergeist|p2a: Gardevoir",
        "|-activate|p2a: Gardevoir|move: Poltergeist|Assault Vest",
        "|-supereffective|p2a: Gardevoir",
        "|-damage|p2a: Gardevoir|0 fnt",
        "|faint|p2a: Gardevoir",
        "|",
        "|-item|p1a: Trevenant|Sitrus Berry|[from] ability: Harvest",
        "|upkeep",
        "|-enditem|p1a: Trevenant|Sitrus Berry|[eat]",
        "|-heal|p1a: Trevenant|199/293|[from] item: Sitrus Berry",
        "|",
        "|t:|1712781566",
        "|switch|p2a: Trevenant|Trevenant, L88, M, tera:Fairy|122/293",
        "|turn|75",
        "|",
        "|t:|1712781566",
        "|move|p1a: Trevenant|Poltergeist||[still]",
        "|-fail|p1a: Trevenant",
        "|move|p2a: Trevenant|Drain Punch|p1a: Trevenant",
        "|-immune|p1a: Trevenant",
        "|",
        "|-item|p2a: Trevenant|Sitrus Berry|[from] ability: Harvest",
        "|-item|p1a: Trevenant|Sitrus Berry|[from] ability: Harvest",
        "|upkeep",
        "|-enditem|p2a: Trevenant|Sitrus Berry|[eat]",
        "|-heal|p2a: Trevenant|195/293|[from] item: Sitrus Berry",
        "|turn|76",
        "|",
        "|t:|1712781566",
        "|move|p1a: Trevenant|Toxic|p2a: Trevenant",
        "|-status|p2a: Trevenant|tox",
        "|move|p2a: Trevenant|Toxic|p1a: Trevenant",
        "|-status|p1a: Trevenant|tox",
        "|",
        "|-damage|p2a: Trevenant|177/293 tox|[from] psn",
        "|-damage|p1a: Trevenant|181/293 tox|[from] psn",
        "|-item|p2a: Trevenant|Sitrus Berry|[from] ability: Harvest",
        "|upkeep",
        "|turn|77",
        "|",
        "|t:|1712781566",
        "|switch|p2a: Raikou|Raikou, L81|226/278",
        "|-ability|p2a: Raikou|Pressure",
        "|move|p1a: Trevenant|Toxic|p2a: Raikou",
        "|-status|p2a: Raikou|tox",
        "|",
        "|-heal|p2a: Raikou|243/278 tox|[from] item: Leftovers",
        "|-damage|p2a: Raikou|226/278 tox|[from] psn",
        "|-damage|p1a: Trevenant|145/293 tox|[from] psn",
        "|upkeep",
        "|-enditem|p1a: Trevenant|Sitrus Berry|[eat]",
        "|-heal|p1a: Trevenant|218/293 tox|[from] item: Sitrus Berry",
        "|turn|78",
        "|",
        "|t:|1712781566",
        "|move|p1a: Trevenant|Protect|p1a: Trevenant",
        "|-singleturn|p1a: Trevenant|Protect",
        "|move|p2a: Raikou|Calm Mind|p2a: Raikou",
        "|-boost|p2a: Raikou|spa|1",
        "|-boost|p2a: Raikou|spd|1",
        "|",
        "|-heal|p2a: Raikou|243/278 tox|[from] item: Leftovers",
        "|-damage|p2a: Raikou|209/278 tox|[from] psn",
        "|-damage|p1a: Trevenant|164/293 tox|[from] psn",
        "|-item|p1a: Trevenant|Sitrus Berry|[from] ability: Harvest",
        "|upkeep",
        "|turn|79",
        "|",
        "|t:|1712781566",
        "|move|p1a: Trevenant|Protect|p1a: Trevenant",
        "|-singleturn|p1a: Trevenant|Protect",
        "|move|p2a: Raikou|Scald|p1a: Trevenant",
        "|-activate|p1a: Trevenant|move: Protect",
        "|",
        "|-heal|p2a: Raikou|226/278 tox|[from] item: Leftovers",
        "|-damage|p2a: Raikou|175/278 tox|[from] psn",
        "|-damage|p1a: Trevenant|92/293 tox|[from] psn",
        "|upkeep",
        "|-enditem|p1a: Trevenant|Sitrus Berry|[eat]",
        "|-heal|p1a: Trevenant|165/293 tox|[from] item: Sitrus Berry",
        "|turn|80",
        "|",
        "|t:|1712781566",
        "|move|p1a: Trevenant|Protect||[still]",
        "|-fail|p1a: Trevenant",
        "|move|p2a: Raikou|Scald|p1a: Trevenant",
        "|-resisted|p1a: Trevenant",
        "|-damage|p1a: Trevenant|117/293 tox",
        "|",
        "|-heal|p2a: Raikou|192/278 tox|[from] item: Leftovers",
        "|-damage|p2a: Raikou|124/278 tox|[from] psn",
        "|-damage|p1a: Trevenant|27/293 tox|[from] psn",
        "|-item|p1a: Trevenant|Sitrus Berry|[from] ability: Harvest",
        "|upkeep",
        "|-enditem|p1a: Trevenant|Sitrus Berry|[eat]",
        "|-heal|p1a: Trevenant|100/293 tox|[from] item: Sitrus Berry",
        "|turn|81",
        "|",
        "|t:|1712781566",
        "|switch|p2a: Trevenant|Trevenant, L88, M, tera:Fairy|177/293 tox",
        "|move|p1a: Trevenant|Poltergeist|p2a: Trevenant",
        "|-activate|p2a: Trevenant|move: Poltergeist|Sitrus Berry",
        "|-damage|p2a: Trevenant|26/293 tox",
        "|-enditem|p2a: Trevenant|Sitrus Berry|[eat]",
        "|-heal|p2a: Trevenant|99/293 tox|[from] item: Sitrus Berry",
        "|",
        "|-damage|p1a: Trevenant|0 fnt|[from] psn",
        "|faint|p1a: Trevenant",
        "|",
        "|win|RandomPlayer 22",
        "|upkeep",
        "|raw|RandomPlayer 21's rating: 1138 &rarr; <strong>1118</strong><br />(-20 for losing)",
        "|raw|RandomPlayer 22's rating: 1118 &rarr; <strong>1153</strong><br />(+35 for winning)",
        ""
    ],
    "p1rating": 1118.2620415132656,
    "p2rating": 1153.0476532640114,
    "endType": "normal",
    "timestamp": "Wed Apr 10 2024 13:39:26 GMT-0700 (Pacific Daylight Time)",
    "roomid": "battle-gen9randombattle-725",
    "format": "gen9randombattle"
}
