{
    "winner": "RandomPlayer 21",
    "seed": [
        30434,
        49751,
        48679,
        19561
    ],
    "turns": 68,
    "p1": "RandomPlayer 22",
    "p2": "RandomPlayer 21",
    "p1team": [
        {
            "name": "Iron Valiant",
            "species": "Iron Valiant",
            "gender": "N",
            "shiny": false,
            "level": 79,
            "moves": [
                "psychic",
                "closecombat",
                "moonblast",
                "calmmind"
            ],
            "ability": "Quark Drive",
            "evs": {
                "hp": 85,
                "atk": 85,
                "def": 85,
                "spa": 85,
                "spd": 85,
                "spe": 85
            },
            "ivs": {
                "hp": 31,
                "atk": 31,
                "def": 31,
                "spa": 31,
                "spd": 31,
                "spe": 31
            },
            "item": "Life Orb",
            "teraType": "Fighting",
            "role": "Fast Attacker"
        },
        {
            "name": "Bellossom",
            "species": "Bellossom",
            "gender": "",
            "shiny": false,
            "level": 84,
            "moves": [
                "gigadrain",
                "strengthsap",
                "sludgebomb",
                "quiverdance"
            ],
            "ability": "Chlorophyll",
            "evs": {
                "hp": 85,
                "atk": 0,
                "def": 85,
                "spa": 85,
                "spd": 85,
                "spe": 85
            },
            "ivs": {
                "hp": 31,
                "atk": 0,
                "def": 31,
                "spa": 31,
                "spd": 31,
                "spe": 31
            },
            "item": "Leftovers",
            "teraType": "Poison",
            "role": "Bulky Setup"
        },
        {
            "name": "Alcremie",
            "species": "Alcremie-Rainbow-Swirl",
            "gender": "F",
            "shiny": false,
            "level": 90,
            "moves": [
                "calmmind",
                "psyshock",
                "recover",
                "alluringvoice"
            ],
            "ability": "Aroma Veil",
            "evs": {
                "hp": 85,
                "atk": 0,
                "def": 85,
                "spa": 85,
                "spd": 85,
                "spe": 85
            },
            "ivs": {
                "hp": 31,
                "atk": 0,
                "def": 31,
                "spa": 31,
                "spd": 31,
                "spe": 31
            },
            "item": "Leftovers",
            "teraType": "Poison",
            "role": "Bulky Setup"
        },
        {
            "name": "Hypno",
            "species": "Hypno",
            "gender": "",
            "shiny": false,
            "level": 95,
            "moves": [
                "protect",
                "psychicnoise",
                "focusblast",
                "toxic"
            ],
            "ability": "Insomnia",
            "evs": {
                "hp": 85,
                "atk": 0,
                "def": 85,
                "spa": 85,
                "spd": 85,
                "spe": 85
            },
            "ivs": {
                "hp": 31,
                "atk": 0,
                "def": 31,
                "spa": 31,
                "spd": 31,
                "spe": 31
            },
            "item": "Leftovers",
            "teraType": "Steel",
            "role": "Bulky Attacker"
        },
        {
            "name": "Great Tusk",
            "species": "Great Tusk",
            "gender": "N",
            "shiny": false,
            "level": 77,
            "moves": [
                "bulkup",
                "closecombat",
                "stoneedge",
                "earthquake"
            ],
            "ability": "Protosynthesis",
            "evs": {
                "hp": 85,
                "atk": 85,
                "def": 85,
                "spa": 85,
                "spd": 85,
                "spe": 85
            },
            "ivs": {
                "hp": 31,
                "atk": 31,
                "def": 31,
                "spa": 31,
                "spd": 31,
                "spe": 31
            },
            "item": "Leftovers",
            "teraType": "Ground",
            "role": "Bulky Setup"
        },
        {
            "name": "Roaring Moon",
            "species": "Roaring Moon",
            "gender": "N",
            "shiny": false,
            "level": 73,
            "moves": [
                "knockoff",
                "roost",
                "outrage",
                "dragondance"
            ],
            "ability": "Protosynthesis",
            "evs": {
                "hp": 85,
                "atk": 85,
                "def": 85,
                "spa": 85,
                "spd": 85,
                "spe": 85
            },
            "ivs": {
                "hp": 31,
                "atk": 31,
                "def": 31,
                "spa": 31,
                "spd": 31,
                "spe": 31
            },
            "item": "Lum Berry",
            "teraType": "Poison",
            "role": "Setup Sweeper"
        }
    ],
    "p2team": [
        {
            "name": "Minior",
            "species": "Minior-Indigo",
            "gender": "N",
            "shiny": false,
            "level": 79,
            "moves": [
                "powergem",
                "shellsmash",
                "acrobatics",
                "earthquake"
            ],
            "ability": "Shields Down",
            "evs": {
                "hp": 77,
                "atk": 85,
                "def": 85,
                "spa": 85,
                "spd": 85,
                "spe": 85
            },
            "ivs": {
                "hp": 31,
                "atk": 31,
                "def": 31,
                "spa": 31,
                "spd": 31,
                "spe": 31
            },
            "item": "White Herb",
            "teraType": "Water",
            "role": "Setup Sweeper"
        },
        {
            "name": "Magnezone",
            "species": "Magnezone",
            "gender": "N",
            "shiny": false,
            "level": 85,
            "moves": [
                "flashcannon",
                "thunderbolt",
                "bodypress",
                "voltswitch"
            ],
            "ability": "Magnet Pull",
            "evs": {
                "hp": 85,
                "atk": 0,
                "def": 85,
                "spa": 85,
                "spd": 85,
                "spe": 85
            },
            "ivs": {
                "hp": 31,
                "atk": 0,
                "def": 31,
                "spa": 31,
                "spd": 31,
                "spe": 31
            },
            "item": "Choice Scarf",
            "teraType": "Electric",
            "role": "Bulky Support"
        },
        {
            "name": "Jirachi",
            "species": "Jirachi",
            "gender": "N",
            "shiny": false,
            "level": 80,
            "moves": [
                "uturn",
                "stealthrock",
                "drainpunch",
                "ironhead"
            ],
            "ability": "Serene Grace",
            "evs": {
                "hp": 85,
                "atk": 85,
                "def": 85,
                "spa": 85,
                "spd": 85,
                "spe": 85
            },
            "ivs": {
                "hp": 31,
                "atk": 31,
                "def": 31,
                "spa": 31,
                "spd": 31,
                "spe": 31
            },
            "item": "Leftovers",
            "teraType": "Fighting",
            "role": "Bulky Attacker"
        },
        {
            "name": "Hypno",
            "species": "Hypno",
            "gender": "",
            "shiny": false,
            "level": 95,
            "moves": [
                "protect",
                "toxic",
                "focusblast",
                "psychicnoise"
            ],
            "ability": "Insomnia",
            "evs": {
                "hp": 85,
                "atk": 0,
                "def": 85,
                "spa": 85,
                "spd": 85,
                "spe": 85
            },
            "ivs": {
                "hp": 31,
                "atk": 0,
                "def": 31,
                "spa": 31,
                "spd": 31,
                "spe": 31
            },
            "item": "Leftovers",
            "teraType": "Fighting",
            "role": "Bulky Attacker"
        },
        {
            "name": "Maushold",
            "species": "Maushold-Four",
            "gender": "N",
            "shiny": false,
            "level": 76,
            "moves": [
                "tidyup",
                "encore",
                "bite",
                "populationbomb"
            ],
            "ability": "Technician",
            "evs": {
                "hp": 85,
                "atk": 85,
                "def": 85,
                "spa": 85,
                "spd": 85,
                "spe": 85
            },
            "ivs": {
                "hp": 31,
                "atk": 31,
                "def": 31,
                "spa": 31,
                "spd": 31,
                "spe": 31
            },
            "item": "Wide Lens",
            "teraType": "Normal",
            "role": "Setup Sweeper"
        },
        {
            "name": "Meowscarada",
            "species": "Meowscarada",
            "gender": "",
            "shiny": false,
            "level": 78,
            "moves": [
                "knockoff",
                "flowertrick",
                "toxicspikes",
                "uturn"
            ],
            "ability": "Protean",
            "evs": {
                "hp": 85,
                "atk": 85,
                "def": 85,
                "spa": 85,
                "spd": 85,
                "spe": 85
            },
            "ivs": {
                "hp": 31,
                "atk": 31,
                "def": 31,
                "spa": 31,
                "spd": 31,
                "spe": 31
            },
            "item": "Heavy-Duty Boots",
            "teraType": "Dark",
            "role": "Fast Support"
        }
    ],
    "score": [
        0,
        3
    ],
    "inputLog": [
        ">version 40d9c5fb874828a5ac5e80ab411b3f152e2a6b12",
        ">start {\"formatid\":\"gen9randombattle\",\"seed\":[30434,49751,48679,19561],\"rated\":\"Rated battle\"}",
        ">player p1 {\"name\":\"RandomPlayer 22\",\"avatar\":\"169\",\"rating\":1000,\"seed\":[41674,36040,15910,62752]}",
        ">player p2 {\"name\":\"RandomPlayer 21\",\"avatar\":\"2\",\"rating\":1000,\"seed\":[12168,18352,50167,39774]}",
        ">p1 switch 5",
        ">p2 move shellsmash terastallize",
        ">p1 switch 2",
        ">p2 move powergem",
        ">p1 move strengthsap terastallize",
        ">p2 move powergem",
        ">p1 switch 3",
        ">p2 switch 5",
        ">p1 switch 6",
        ">p2 switch 3",
        ">p1 switch 5",
        ">p2 move stealthrock",
        ">p1 move psychic",
        ">p2 move drainpunch",
        ">p1 switch 6",
        ">p2 move ironhead",
        ">p1 switch 3",
        ">p2 move ironhead",
        ">p1 switch 2",
        ">p2 move uturn",
        ">p2 switch 5",
        ">p1 switch 5",
        ">p2 switch 4",
        ">p1 switch 4",
        ">p2 move protect",
        ">p1 move focusblast",
        ">p2 switch 4",
        ">p1 move protect",
        ">p2 move earthquake",
        ">p1 switch 6",
        ">p2 move powergem",
        ">p1 move calmmind",
        ">p2 switch 6",
        ">p1 switch 3",
        ">p2 switch 2",
        ">p1 move psyshock",
        ">p2 switch 3",
        ">p1 switch 5",
        ">p2 move bite",
        ">p1 switch 6",
        ">p2 switch 4",
        ">p1 switch 3",
        ">p2 move protect",
        ">p1 switch 4",
        ">p2 switch 4",
        ">p1 switch 3",
        ">p2 switch 6",
        ">p1 switch 6",
        ">p2 move acrobatics",
        ">p1 move closecombat",
        ">p2 switch 5",
        ">p1 switch 2",
        ">p2 switch 2",
        ">p1 switch 3",
        ">p2 switch 3",
        ">p1 switch 4",
        ">p2 switch 2",
        ">p1 switch 6",
        ">p2 switch 4",
        ">p1 switch 2",
        ">p2 switch 4",
        ">p1 move stoneedge",
        ">p2 move stealthrock",
        ">p1 move earthquake",
        ">p2 switch 5",
        ">p1 move closecombat",
        ">p2 switch 4",
        ">p1 move bulkup",
        ">p2 switch 5",
        ">p1 switch 5",
        ">p2 move uturn",
        ">p2 switch 5",
        ">p1 switch 5",
        ">p2 switch 4",
        ">p1 switch 6",
        ">p2 move earthquake",
        ">p1 move calmmind",
        ">p2 move powergem",
        ">p1 switch 4",
        ">p2 switch 4",
        ">p1 switch 4",
        ">p2 switch 6",
        ">p1 switch 4",
        ">p2 move tidyup",
        ">p1 move knockoff",
        ">p2 move populationbomb",
        ">p1 switch 2",
        ">p1 move protect",
        ">p2 switch 6",
        ">p1 switch 6",
        ">p2 switch 5",
        ">p1 switch 6",
        ">p2 move uturn",
        ">p2 switch 2",
        ">p1 switch 3",
        ">p2 move flashcannon",
        ">p1 switch 6",
        ">p2 switch 5",
        ">p1 move closecombat",
        ">p2 switch 4",
        ">p1 switch 6",
        ">p2 move acrobatics",
        ">p1 switch 4",
        ">p1 move calmmind",
        ">p2 move acrobatics",
        ">p1 switch 6",
        ">p1 move stoneedge",
        ">p2 move powergem",
        ">p1 move earthquake",
        ">p2 move shellsmash",
        ">p2 switch 3",
        ">p1 move stoneedge",
        ">p2 move knockoff",
        ">p1 move closecombat",
        ">p2 move uturn",
        ">p2 switch 2",
        ">p1 switch 5",
        ">p2 switch 6",
        ">p1 switch 3",
        ">p2 move populationbomb",
        ">p1 switch 5",
        ">p1 move stoneedge",
        ">p2 switch 4",
        ">p1 switch 3",
        ">p2 switch 4",
        ">p1 switch 3",
        ">p2 switch 5",
        ">p1 switch 3",
        ">p2 move flashcannon",
        ">p1 switch 3",
        ">p1 move stoneedge",
        ">p2 switch 6",
        ">p1 move stoneedge",
        ">p2 switch 4",
        ">p1 move bulkup",
        ">p2 move focusblast",
        ">p1 move bulkup",
        ">p2 switch 2",
        ">p1 move earthquake",
        ">p2 move uturn",
        ">p2 switch 2",
        ">p1 move bulkup",
        ">p2 move toxic",
        ">p1 move earthquake",
        ">p2 switch 2",
        ">p2 switch 6",
        ">p1 move closecombat",
        ">p2 move voltswitch"
    ],
    "log": [
        "|uhtml|medal-msg|<div class=\"broadcast-blue\">Curious what those medals under the avatar are? PS now has Ladder Seasons! For more information, check out the <a href=\"https://www.smogon.com/forums/threads/3740067/\">thread on Smogon.</a></div>",
        "|uhtml|medal-msg|<div class=\"broadcast-blue\">Curious what those medals under the avatar are? PS now has Ladder Seasons! For more information, check out the <a href=\"https://www.smogon.com/forums/threads/3740067/\">thread on Smogon.</a></div>",
        "|j|☆RandomPlayer 22",
        "|j|☆RandomPlayer 21",
        "|t:|1712781068",
        "|gametype|singles",
        "|player|p1|RandomPlayer 22|169|1000",
        "|player|p2|RandomPlayer 21|2|1000",
        "|teamsize|p1|6",
        "|teamsize|p2|6",
        "|gen|9",
        "|tier|[Gen 9] Random Battle",
        "|rated|",
        "|rule|Species Clause: Limit one of each Pokémon",
        "|rule|HP Percentage Mod: HP is shown in percentages",
        "|rule|Sleep Clause Mod: Limit one foe put to sleep",
        "|rule|Illusion Level Mod: Illusion disguises the Pokémon's true level",
        "|",
        "|t:|1712781068",
        "|start",
        "|switch|p1a: Iron Valiant|Iron Valiant, L79|247/247",
        "|switch|p2a: Minior|Minior-Indigo, L79|223/223",
        "|-formechange|p2a: Minior|Minior-Meteor||[from] ability: Shields Down",
        "|turn|1",
        "|",
        "|t:|1712781068",
        "|-end|p1a: Iron Valiant|Quark Drive|[silent]",
        "|switch|p1a: Great Tusk|Great Tusk, L77|304/304",
        "|-terastallize|p2a: Minior|Water",
        "|move|p2a: Minior|Shell Smash|p2a: Minior",
        "|-unboost|p2a: Minior|def|1",
        "|-unboost|p2a: Minior|spd|1",
        "|-boost|p2a: Minior|atk|2",
        "|-boost|p2a: Minior|spa|2",
        "|-boost|p2a: Minior|spe|2",
        "|-enditem|p2a: Minior|White Herb",
        "|-clearnegativeboost|p2a: Minior|[silent]",
        "|",
        "|upkeep",
        "|turn|2",
        "|",
        "|t:|1712781068",
        "|-end|p1a: Great Tusk|Protosynthesis|[silent]",
        "|switch|p1a: Bellossom|Bellossom, L84, M|263/263",
        "|move|p2a: Minior|Power Gem|p1a: Bellossom",
        "|-damage|p1a: Bellossom|163/263",
        "|",
        "|-heal|p1a: Bellossom|179/263|[from] item: Leftovers",
        "|upkeep",
        "|turn|3",
        "|",
        "|t:|1712781068",
        "|-terastallize|p1a: Bellossom|Poison",
        "|move|p2a: Minior|Power Gem|p1a: Bellossom",
        "|-damage|p1a: Bellossom|79/263",
        "|move|p1a: Bellossom|Strength Sap|p2a: Minior",
        "|-unboost|p2a: Minior|atk|1",
        "|-heal|p1a: Bellossom|263/263",
        "|",
        "|upkeep",
        "|turn|4",
        "|",
        "|t:|1712781068",
        "|switch|p2a: Maushold|Maushold-Four, L76|238/238",
        "|switch|p1a: Alcremie|Alcremie-Rainbow-Swirl, L90, F|263/263",
        "|",
        "|upkeep",
        "|turn|5",
        "|",
        "|t:|1712781068",
        "|switch|p2a: Jirachi|Jirachi, L80|291/291",
        "|switch|p1a: Roaring Moon|Roaring Moon, L73|274/274",
        "|",
        "|upkeep",
        "|turn|6",
        "|",
        "|t:|1712781068",
        "|-end|p1a: Roaring Moon|Protosynthesis|[silent]",
        "|switch|p1a: Iron Valiant|Iron Valiant, L79|247/247",
        "|move|p2a: Jirachi|Stealth Rock|p1a: Iron Valiant",
        "|-sidestart|p1: RandomPlayer 22|move: Stealth Rock",
        "|",
        "|upkeep",
        "|turn|7",
        "|",
        "|t:|1712781068",
        "|move|p1a: Iron Valiant|Psychic|p2a: Jirachi",
        "|-resisted|p2a: Jirachi",
        "|-damage|p2a: Jirachi|272/291",
        "|-damage|p1a: Iron Valiant|223/247|[from] item: Life Orb",
        "|move|p2a: Jirachi|Drain Punch|p1a: Iron Valiant",
        "|-resisted|p1a: Iron Valiant",
        "|-damage|p1a: Iron Valiant|199/247",
        "|-heal|p2a: Jirachi|284/291|[from] drain|[of] p1a: Iron Valiant",
        "|",
        "|-heal|p2a: Jirachi|291/291|[from] item: Leftovers",
        "|upkeep",
        "|turn|8",
        "|",
        "|t:|1712781068",
        "|-end|p1a: Iron Valiant|Quark Drive|[silent]",
        "|switch|p1a: Alcremie|Alcremie-Rainbow-Swirl, L90, F|263/263",
        "|-damage|p1a: Alcremie|231/263|[from] Stealth Rock",
        "|move|p2a: Jirachi|Iron Head|p1a: Alcremie",
        "|-supereffective|p1a: Alcremie",
        "|-damage|p1a: Alcremie|67/263",
        "|",
        "|-heal|p1a: Alcremie|83/263|[from] item: Leftovers",
        "|upkeep",
        "|turn|9",
        "|",
        "|t:|1712781068",
        "|switch|p1a: Bellossom|Bellossom, L84, M, tera:Poison|263/263",
        "|-damage|p1a: Bellossom|231/263|[from] Stealth Rock",
        "|move|p2a: Jirachi|Iron Head|p1a: Bellossom",
        "|-damage|p1a: Bellossom|149/263",
        "|",
        "|-heal|p1a: Bellossom|165/263|[from] item: Leftovers",
        "|upkeep",
        "|turn|10",
        "|",
        "|t:|1712781068",
        "|switch|p1a: Great Tusk|Great Tusk, L77|304/304",
        "|-damage|p1a: Great Tusk|295/304|[from] Stealth Rock",
        "|move|p2a: Jirachi|U-turn|p1a: Great Tusk",
        "|-resisted|p1a: Great Tusk",
        "|-damage|p1a: Great Tusk|276/304",
        "|",
        "|t:|1712781068",
        "|switch|p2a: Minior|Minior-Indigo, L79, tera:Water|223/223|[from] U-turn",
        "|-formechange|p2a: Minior|Minior-Meteor||[from] ability: Shields Down",
        "|",
        "|-heal|p1a: Great Tusk|295/304|[from] item: Leftovers",
        "|upkeep",
        "|turn|11",
        "|",
        "|t:|1712781068",
        "|-end|p1a: Great Tusk|Protosynthesis|[silent]",
        "|switch|p1a: Roaring Moon|Roaring Moon, L73|274/274",
        "|-damage|p1a: Roaring Moon|240/274|[from] Stealth Rock",
        "|switch|p2a: Hypno|Hypno, L95, M|315/315",
        "|",
        "|upkeep",
        "|turn|12",
        "|",
        "|t:|1712781068",
        "|-end|p1a: Roaring Moon|Protosynthesis|[silent]",
        "|switch|p1a: Hypno|Hypno, L95, M|315/315",
        "|-damage|p1a: Hypno|276/315|[from] Stealth Rock",
        "|move|p2a: Hypno|Protect||[still]",
        "|-fail|p2a: Hypno",
        "|",
        "|-heal|p1a: Hypno|295/315|[from] item: Leftovers",
        "|upkeep",
        "|turn|13",
        "|",
        "|t:|1712781068",
        "|switch|p2a: Minior|Minior-Indigo, L79, tera:Water|223/223",
        "|-formechange|p2a: Minior|Minior-Meteor||[from] ability: Shields Down",
        "|move|p1a: Hypno|Focus Blast|p2a: Minior|[miss]",
        "|-miss|p1a: Hypno|p2a: Minior",
        "|",
        "|-heal|p1a: Hypno|314/315|[from] item: Leftovers",
        "|upkeep",
        "|turn|14",
        "|",
        "|t:|1712781068",
        "|move|p1a: Hypno|Protect|p1a: Hypno",
        "|-singleturn|p1a: Hypno|Protect",
        "|move|p2a: Minior|Earthquake|p1a: Hypno",
        "|-activate|p1a: Hypno|move: Protect",
        "|",
        "|-heal|p1a: Hypno|315/315|[from] item: Leftovers",
        "|upkeep",
        "|turn|15",
        "|",
        "|t:|1712781068",
        "|switch|p1a: Iron Valiant|Iron Valiant, L79|199/247",
        "|-damage|p1a: Iron Valiant|184/247|[from] Stealth Rock",
        "|move|p2a: Minior|Power Gem|p1a: Iron Valiant",
        "|-resisted|p1a: Iron Valiant",
        "|-damage|p1a: Iron Valiant|148/247",
        "|",
        "|upkeep",
        "|turn|16",
        "|",
        "|t:|1712781068",
        "|switch|p2a: Meowscarada|Meowscarada, L78, M|247/247",
        "|move|p1a: Iron Valiant|Calm Mind|p1a: Iron Valiant",
        "|-boost|p1a: Iron Valiant|spa|1",
        "|-boost|p1a: Iron Valiant|spd|1",
        "|",
        "|upkeep",
        "|turn|17",
        "|",
        "|t:|1712781068",
        "|switch|p2a: Magnezone|Magnezone, L85|258/258",
        "|-end|p1a: Iron Valiant|Quark Drive|[silent]",
        "|switch|p1a: Alcremie|Alcremie-Rainbow-Swirl, L90, F|83/263",
        "|-damage|p1a: Alcremie|51/263|[from] Stealth Rock",
        "|",
        "|-heal|p1a: Alcremie|67/263|[from] item: Leftovers",
        "|upkeep",
        "|turn|18",
        "|",
        "|t:|1712781068",
        "|switch|p2a: Maushold|Maushold-Four, L76|238/238",
        "|move|p1a: Alcremie|Psyshock|p2a: Maushold",
        "|-damage|p2a: Maushold|143/238",
        "|",
        "|-heal|p1a: Alcremie|83/263|[from] item: Leftovers",
        "|upkeep",
        "|turn|19",
        "|",
        "|t:|1712781068",
        "|switch|p1a: Great Tusk|Great Tusk, L77|295/304",
        "|-damage|p1a: Great Tusk|286/304|[from] Stealth Rock",
        "|move|p2a: Maushold|Bite|p1a: Great Tusk",
        "|-resisted|p1a: Great Tusk",
        "|-damage|p1a: Great Tusk|270/304",
        "|",
        "|-heal|p1a: Great Tusk|289/304|[from] item: Leftovers",
        "|upkeep",
        "|turn|20",
        "|",
        "|t:|1712781068",
        "|switch|p2a: Hypno|Hypno, L95, M|315/315",
        "|-end|p1a: Great Tusk|Protosynthesis|[silent]",
        "|switch|p1a: Hypno|Hypno, L95, M|315/315",
        "|-damage|p1a: Hypno|276/315|[from] Stealth Rock",
        "|",
        "|-heal|p1a: Hypno|295/315|[from] item: Leftovers",
        "|upkeep",
        "|turn|21",
        "|",
        "|t:|1712781068",
        "|switch|p1a: Iron Valiant|Iron Valiant, L79|148/247",
        "|-damage|p1a: Iron Valiant|133/247|[from] Stealth Rock",
        "|move|p2a: Hypno|Protect||[still]",
        "|-fail|p2a: Hypno",
        "|",
        "|upkeep",
        "|turn|22",
        "|",
        "|t:|1712781068",
        "|-end|p1a: Iron Valiant|Quark Drive|[silent]",
        "|switch|p1a: Roaring Moon|Roaring Moon, L73|240/274",
        "|-damage|p1a: Roaring Moon|206/274|[from] Stealth Rock",
        "|switch|p2a: Maushold|Maushold-Four, L76|143/238",
        "|",
        "|upkeep",
        "|turn|23",
        "|",
        "|t:|1712781068",
        "|-end|p1a: Roaring Moon|Protosynthesis|[silent]",
        "|switch|p1a: Hypno|Hypno, L95, M|295/315",
        "|-damage|p1a: Hypno|256/315|[from] Stealth Rock",
        "|switch|p2a: Minior|Minior-Indigo, L79, tera:Water|223/223",
        "|-formechange|p2a: Minior|Minior-Meteor||[from] ability: Shields Down",
        "|",
        "|-heal|p1a: Hypno|275/315|[from] item: Leftovers",
        "|upkeep",
        "|turn|24",
        "|",
        "|t:|1712781068",
        "|switch|p1a: Great Tusk|Great Tusk, L77|289/304",
        "|-damage|p1a: Great Tusk|280/304|[from] Stealth Rock",
        "|move|p2a: Minior|Acrobatics|p1a: Great Tusk",
        "|-supereffective|p1a: Great Tusk",
        "|-damage|p1a: Great Tusk|166/304",
        "|",
        "|-heal|p1a: Great Tusk|185/304|[from] item: Leftovers",
        "|upkeep",
        "|turn|25",
        "|",
        "|t:|1712781068",
        "|switch|p2a: Jirachi|Jirachi, L80|291/291",
        "|move|p1a: Great Tusk|Close Combat|p2a: Jirachi",
        "|-damage|p2a: Jirachi|162/291",
        "|-unboost|p1a: Great Tusk|def|1",
        "|-unboost|p1a: Great Tusk|spd|1",
        "|",
        "|-heal|p2a: Jirachi|180/291|[from] item: Leftovers",
        "|-heal|p1a: Great Tusk|204/304|[from] item: Leftovers",
        "|upkeep",
        "|turn|26",
        "|",
        "|t:|1712781068",
        "|switch|p2a: Meowscarada|Meowscarada, L78, M|247/247",
        "|-end|p1a: Great Tusk|Protosynthesis|[silent]",
        "|switch|p1a: Bellossom|Bellossom, L84, M, tera:Poison|165/263",
        "|-damage|p1a: Bellossom|133/263|[from] Stealth Rock",
        "|",
        "|-heal|p1a: Bellossom|149/263|[from] item: Leftovers",
        "|upkeep",
        "|turn|27",
        "|",
        "|t:|1712781068",
        "|switch|p2a: Magnezone|Magnezone, L85|258/258",
        "|switch|p1a: Roaring Moon|Roaring Moon, L73|206/274",
        "|-damage|p1a: Roaring Moon|172/274|[from] Stealth Rock",
        "|",
        "|upkeep",
        "|turn|28",
        "|",
        "|t:|1712781068",
        "|switch|p2a: Jirachi|Jirachi, L80|180/291",
        "|-end|p1a: Roaring Moon|Protosynthesis|[silent]",
        "|switch|p1a: Iron Valiant|Iron Valiant, L79|133/247",
        "|-damage|p1a: Iron Valiant|118/247|[from] Stealth Rock",
        "|",
        "|-heal|p2a: Jirachi|198/291|[from] item: Leftovers",
        "|upkeep",
        "|turn|29",
        "|",
        "|t:|1712781068",
        "|-end|p1a: Iron Valiant|Quark Drive|[silent]",
        "|switch|p1a: Hypno|Hypno, L95, M|275/315",
        "|-damage|p1a: Hypno|236/315|[from] Stealth Rock",
        "|switch|p2a: Hypno|Hypno, L95, M|315/315",
        "|",
        "|-heal|p1a: Hypno|255/315|[from] item: Leftovers",
        "|upkeep",
        "|turn|30",
        "|",
        "|t:|1712781068",
        "|switch|p2a: Jirachi|Jirachi, L80|198/291",
        "|switch|p1a: Great Tusk|Great Tusk, L77|204/304",
        "|-damage|p1a: Great Tusk|195/304|[from] Stealth Rock",
        "|",
        "|-heal|p2a: Jirachi|216/291|[from] item: Leftovers",
        "|-heal|p1a: Great Tusk|214/304|[from] item: Leftovers",
        "|upkeep",
        "|turn|31",
        "|",
        "|t:|1712781068",
        "|move|p2a: Jirachi|Stealth Rock||[still]",
        "|-fail|p2a: Jirachi",
        "|move|p1a: Great Tusk|Stone Edge|p2a: Jirachi",
        "|-resisted|p2a: Jirachi",
        "|-damage|p2a: Jirachi|179/291",
        "|",
        "|-heal|p2a: Jirachi|197/291|[from] item: Leftovers",
        "|-heal|p1a: Great Tusk|233/304|[from] item: Leftovers",
        "|upkeep",
        "|turn|32",
        "|",
        "|t:|1712781068",
        "|switch|p2a: Minior|Minior-Indigo, L79, tera:Water|223/223",
        "|-formechange|p2a: Minior|Minior-Meteor||[from] ability: Shields Down",
        "|move|p1a: Great Tusk|Earthquake|p2a: Minior",
        "|-damage|p2a: Minior|123/223",
        "|",
        "|-heal|p1a: Great Tusk|252/304|[from] item: Leftovers",
        "|upkeep",
        "|turn|33",
        "|",
        "|t:|1712781068",
        "|switch|p2a: Hypno|Hypno, L95, M|315/315",
        "|move|p1a: Great Tusk|Close Combat|p2a: Hypno",
        "|-resisted|p2a: Hypno",
        "|-damage|p2a: Hypno|238/315",
        "|-unboost|p1a: Great Tusk|def|1",
        "|-unboost|p1a: Great Tusk|spd|1",
        "|",
        "|-heal|p2a: Hypno|257/315|[from] item: Leftovers",
        "|-heal|p1a: Great Tusk|271/304|[from] item: Leftovers",
        "|upkeep",
        "|turn|34",
        "|",
        "|t:|1712781068",
        "|switch|p2a: Jirachi|Jirachi, L80|197/291",
        "|move|p1a: Great Tusk|Bulk Up|p1a: Great Tusk",
        "|-boost|p1a: Great Tusk|atk|1",
        "|-boost|p1a: Great Tusk|def|1",
        "|",
        "|-heal|p2a: Jirachi|215/291|[from] item: Leftovers",
        "|-heal|p1a: Great Tusk|290/304|[from] item: Leftovers",
        "|upkeep",
        "|turn|35",
        "|",
        "|t:|1712781068",
        "|-end|p1a: Great Tusk|Protosynthesis|[silent]",
        "|switch|p1a: Alcremie|Alcremie-Rainbow-Swirl, L90, F|83/263",
        "|-damage|p1a: Alcremie|51/263|[from] Stealth Rock",
        "|move|p2a: Jirachi|U-turn|p1a: Alcremie",
        "|-resisted|p1a: Alcremie",
        "|-damage|p1a: Alcremie|27/263",
        "|",
        "|t:|1712781068",
        "|switch|p2a: Hypno|Hypno, L95, M|257/315|[from] U-turn",
        "|",
        "|-heal|p2a: Hypno|276/315|[from] item: Leftovers",
        "|-heal|p1a: Alcremie|43/263|[from] item: Leftovers",
        "|upkeep",
        "|turn|36",
        "|",
        "|t:|1712781068",
        "|switch|p2a: Minior|Minior-Indigo, L79, tera:Water|123/223",
        "|-formechange|p2a: Minior|Minior-Meteor||[from] ability: Shields Down",
        "|switch|p1a: Great Tusk|Great Tusk, L77|290/304",
        "|-damage|p1a: Great Tusk|281/304|[from] Stealth Rock",
        "|",
        "|-heal|p1a: Great Tusk|300/304|[from] item: Leftovers",
        "|upkeep",
        "|turn|37",
        "|",
        "|t:|1712781068",
        "|-end|p1a: Great Tusk|Protosynthesis|[silent]",
        "|switch|p1a: Iron Valiant|Iron Valiant, L79|118/247",
        "|-damage|p1a: Iron Valiant|103/247|[from] Stealth Rock",
        "|move|p2a: Minior|Earthquake|p1a: Iron Valiant",
        "|-damage|p1a: Iron Valiant|60/247",
        "|",
        "|upkeep",
        "|turn|38",
        "|",
        "|t:|1712781068",
        "|move|p1a: Iron Valiant|Calm Mind|p1a: Iron Valiant",
        "|-boost|p1a: Iron Valiant|spa|1",
        "|-boost|p1a: Iron Valiant|spd|1",
        "|move|p2a: Minior|Power Gem|p1a: Iron Valiant",
        "|-resisted|p1a: Iron Valiant",
        "|-damage|p1a: Iron Valiant|36/247",
        "|",
        "|upkeep",
        "|turn|39",
        "|",
        "|t:|1712781068",
        "|-end|p1a: Iron Valiant|Quark Drive|[silent]",
        "|switch|p1a: Roaring Moon|Roaring Moon, L73|172/274",
        "|-damage|p1a: Roaring Moon|138/274|[from] Stealth Rock",
        "|switch|p2a: Hypno|Hypno, L95, M|276/315",
        "|",
        "|-heal|p2a: Hypno|295/315|[from] item: Leftovers",
        "|upkeep",
        "|turn|40",
        "|",
        "|t:|1712781068",
        "|-end|p1a: Roaring Moon|Protosynthesis|[silent]",
        "|switch|p1a: Iron Valiant|Iron Valiant, L79|36/247",
        "|-damage|p1a: Iron Valiant|21/247|[from] Stealth Rock",
        "|switch|p2a: Maushold|Maushold-Four, L76|143/238",
        "|",
        "|upkeep",
        "|turn|41",
        "|",
        "|t:|1712781068",
        "|-end|p1a: Iron Valiant|Quark Drive|[silent]",
        "|switch|p1a: Roaring Moon|Roaring Moon, L73|138/274",
        "|-damage|p1a: Roaring Moon|104/274|[from] Stealth Rock",
        "|move|p2a: Maushold|Tidy Up|p2a: Maushold",
        "|-sideend|p1: RandomPlayer 22|Stealth Rock",
        "|-activate|p2a: Maushold|move: Tidy Up",
        "|-boost|p2a: Maushold|atk|1",
        "|-boost|p2a: Maushold|spe|1",
        "|",
        "|upkeep",
        "|turn|42",
        "|",
        "|t:|1712781068",
        "|move|p2a: Maushold|Population Bomb|p1a: Roaring Moon",
        "|-damage|p1a: Roaring Moon|61/274",
        "|-damage|p1a: Roaring Moon|18/274",
        "|-damage|p1a: Roaring Moon|0 fnt",
        "|faint|p1a: Roaring Moon",
        "|-end|p1a: Roaring Moon|Protosynthesis|[silent]",
        "|-hitcount|p1: Roaring Moon|3",
        "|",
        "|upkeep",
        "|",
        "|t:|1712781068",
        "|switch|p1a: Hypno|Hypno, L95, M|255/315",
        "|turn|43",
        "|",
        "|t:|1712781068",
        "|switch|p2a: Hypno|Hypno, L95, M|295/315",
        "|move|p1a: Hypno|Protect||[still]",
        "|-fail|p1a: Hypno",
        "|",
        "|-heal|p1a: Hypno|274/315|[from] item: Leftovers",
        "|-heal|p2a: Hypno|314/315|[from] item: Leftovers",
        "|upkeep",
        "|turn|44",
        "|",
        "|t:|1712781068",
        "|switch|p2a: Jirachi|Jirachi, L80|215/291",
        "|switch|p1a: Great Tusk|Great Tusk, L77|300/304",
        "|",
        "|-heal|p2a: Jirachi|233/291|[from] item: Leftovers",
        "|-heal|p1a: Great Tusk|304/304|[from] item: Leftovers",
        "|upkeep",
        "|turn|45",
        "|",
        "|t:|1712781068",
        "|-end|p1a: Great Tusk|Protosynthesis|[silent]",
        "|switch|p1a: Hypno|Hypno, L95, M|274/315",
        "|move|p2a: Jirachi|U-turn|p1a: Hypno",
        "|-supereffective|p1a: Hypno",
        "|-damage|p1a: Hypno|182/315",
        "|",
        "|t:|1712781068",
        "|switch|p2a: Magnezone|Magnezone, L85|258/258|[from] U-turn",
        "|",
        "|-heal|p1a: Hypno|201/315|[from] item: Leftovers",
        "|upkeep",
        "|turn|46",
        "|",
        "|t:|1712781068",
        "|switch|p1a: Bellossom|Bellossom, L84, M, tera:Poison|149/263",
        "|move|p2a: Magnezone|Flash Cannon|p1a: Bellossom",
        "|-damage|p1a: Bellossom|46/263",
        "|",
        "|-heal|p1a: Bellossom|62/263|[from] item: Leftovers",
        "|upkeep",
        "|turn|47",
        "|",
        "|t:|1712781068",
        "|switch|p2a: Hypno|Hypno, L95, M|314/315",
        "|switch|p1a: Great Tusk|Great Tusk, L77|304/304",
        "|",
        "|-heal|p2a: Hypno|315/315|[from] item: Leftovers",
        "|upkeep",
        "|turn|48",
        "|",
        "|t:|1712781068",
        "|switch|p2a: Minior|Minior-Indigo, L79, tera:Water|123/223",
        "|-formechange|p2a: Minior|Minior-Meteor||[from] ability: Shields Down",
        "|move|p1a: Great Tusk|Close Combat|p2a: Minior",
        "|-damage|p2a: Minior|5/223",
        "|-unboost|p1a: Great Tusk|def|1",
        "|-unboost|p1a: Great Tusk|spd|1",
        "|",
        "|-formechange|p2a: Minior|Minior-Indigo||[from] ability: Shields Down",
        "|upkeep",
        "|turn|49",
        "|",
        "|t:|1712781068",
        "|-end|p1a: Great Tusk|Protosynthesis|[silent]",
        "|switch|p1a: Bellossom|Bellossom, L84, M, tera:Poison|62/263",
        "|move|p2a: Minior|Acrobatics|p1a: Bellossom",
        "|-damage|p1a: Bellossom|0 fnt",
        "|faint|p1a: Bellossom",
        "|",
        "|upkeep",
        "|",
        "|t:|1712781068",
        "|switch|p1a: Iron Valiant|Iron Valiant, L79|21/247",
        "|turn|50",
        "|",
        "|t:|1712781068",
        "|move|p2a: Minior|Acrobatics|p1a: Iron Valiant",
        "|-supereffective|p1a: Iron Valiant",
        "|-damage|p1a: Iron Valiant|0 fnt",
        "|faint|p1a: Iron Valiant",
        "|-end|p1a: Iron Valiant|Quark Drive|[silent]",
        "|",
        "|upkeep",
        "|",
        "|t:|1712781068",
        "|switch|p1a: Great Tusk|Great Tusk, L77|304/304",
        "|turn|51",
        "|",
        "|t:|1712781068",
        "|move|p2a: Minior|Power Gem|p1a: Great Tusk",
        "|-resisted|p1a: Great Tusk",
        "|-damage|p1a: Great Tusk|274/304",
        "|move|p1a: Great Tusk|Stone Edge|p2a: Minior|[miss]",
        "|-miss|p1a: Great Tusk|p2a: Minior",
        "|",
        "|-heal|p1a: Great Tusk|293/304|[from] item: Leftovers",
        "|upkeep",
        "|turn|52",
        "|",
        "|t:|1712781068",
        "|move|p2a: Minior|Shell Smash|p2a: Minior",
        "|-unboost|p2a: Minior|def|1",
        "|-unboost|p2a: Minior|spd|1",
        "|-boost|p2a: Minior|atk|2",
        "|-boost|p2a: Minior|spa|2",
        "|-boost|p2a: Minior|spe|2",
        "|move|p1a: Great Tusk|Earthquake|p2a: Minior",
        "|-damage|p2a: Minior|0 fnt",
        "|faint|p2a: Minior",
        "|",
        "|-heal|p1a: Great Tusk|304/304|[from] item: Leftovers",
        "|upkeep",
        "|",
        "|t:|1712781068",
        "|switch|p2a: Meowscarada|Meowscarada, L78, M|247/247",
        "|turn|53",
        "|",
        "|t:|1712781068",
        "|move|p2a: Meowscarada|Knock Off|p1a: Great Tusk",
        "|-start|p2a: Meowscarada|typechange|Dark|[from] ability: Protean",
        "|-resisted|p1a: Great Tusk",
        "|-crit|p1a: Great Tusk",
        "|-damage|p1a: Great Tusk|240/304",
        "|-enditem|p1a: Great Tusk|Leftovers|[from] move: Knock Off|[of] p2a: Meowscarada",
        "|move|p1a: Great Tusk|Stone Edge|p2a: Meowscarada",
        "|-crit|p2a: Meowscarada",
        "|-damage|p2a: Meowscarada|104/247",
        "|",
        "|upkeep",
        "|turn|54",
        "|",
        "|t:|1712781068",
        "|move|p2a: Meowscarada|U-turn|p1a: Great Tusk",
        "|-resisted|p1a: Great Tusk",
        "|-damage|p1a: Great Tusk|220/304",
        "|",
        "|t:|1712781068",
        "|switch|p2a: Jirachi|Jirachi, L80|233/291|[from] U-turn",
        "|move|p1a: Great Tusk|Close Combat|p2a: Jirachi",
        "|-damage|p2a: Jirachi|115/291",
        "|-unboost|p1a: Great Tusk|def|1",
        "|-unboost|p1a: Great Tusk|spd|1",
        "|",
        "|-heal|p2a: Jirachi|133/291|[from] item: Leftovers",
        "|upkeep",
        "|turn|55",
        "|",
        "|t:|1712781068",
        "|switch|p2a: Maushold|Maushold-Four, L76|143/238",
        "|-end|p1a: Great Tusk|Protosynthesis|[silent]",
        "|switch|p1a: Alcremie|Alcremie-Rainbow-Swirl, L90, F|43/263",
        "|",
        "|-heal|p1a: Alcremie|59/263|[from] item: Leftovers",
        "|upkeep",
        "|turn|56",
        "|",
        "|t:|1712781068",
        "|switch|p1a: Hypno|Hypno, L95, M|201/315",
        "|move|p2a: Maushold|Population Bomb|p1a: Hypno",
        "|-damage|p1a: Hypno|176/315",
        "|-damage|p1a: Hypno|151/315",
        "|-damage|p1a: Hypno|126/315",
        "|-damage|p1a: Hypno|101/315",
        "|-damage|p1a: Hypno|77/315",
        "|-damage|p1a: Hypno|52/315",
        "|-damage|p1a: Hypno|28/315",
        "|-damage|p1a: Hypno|4/315",
        "|-damage|p1a: Hypno|0 fnt",
        "|faint|p1a: Hypno",
        "|-hitcount|p1: Hypno|9",
        "|",
        "|upkeep",
        "|",
        "|t:|1712781068",
        "|switch|p1a: Great Tusk|Great Tusk, L77|220/304",
        "|turn|57",
        "|",
        "|t:|1712781068",
        "|switch|p2a: Hypno|Hypno, L95, M|315/315",
        "|move|p1a: Great Tusk|Stone Edge|p2a: Hypno|[miss]",
        "|-miss|p1a: Great Tusk|p2a: Hypno",
        "|",
        "|upkeep",
        "|turn|58",
        "|",
        "|t:|1712781068",
        "|switch|p2a: Maushold|Maushold-Four, L76|143/238",
        "|-end|p1a: Great Tusk|Protosynthesis|[silent]",
        "|switch|p1a: Alcremie|Alcremie-Rainbow-Swirl, L90, F|59/263",
        "|",
        "|-heal|p1a: Alcremie|75/263|[from] item: Leftovers",
        "|upkeep",
        "|turn|59",
        "|",
        "|t:|1712781068",
        "|switch|p2a: Magnezone|Magnezone, L85|258/258",
        "|switch|p1a: Great Tusk|Great Tusk, L77|220/304",
        "|",
        "|upkeep",
        "|turn|60",
        "|",
        "|t:|1712781068",
        "|-end|p1a: Great Tusk|Protosynthesis|[silent]",
        "|switch|p1a: Alcremie|Alcremie-Rainbow-Swirl, L90, F|75/263",
        "|move|p2a: Magnezone|Flash Cannon|p1a: Alcremie",
        "|-supereffective|p1a: Alcremie",
        "|-damage|p1a: Alcremie|0 fnt",
        "|faint|p1a: Alcremie",
        "|",
        "|upkeep",
        "|",
        "|t:|1712781068",
        "|switch|p1a: Great Tusk|Great Tusk, L77|220/304",
        "|turn|61",
        "|",
        "|t:|1712781068",
        "|switch|p2a: Jirachi|Jirachi, L80|133/291",
        "|move|p1a: Great Tusk|Stone Edge|p2a: Jirachi",
        "|-resisted|p2a: Jirachi",
        "|-crit|p2a: Jirachi",
        "|-damage|p2a: Jirachi|84/291",
        "|",
        "|-heal|p2a: Jirachi|102/291|[from] item: Leftovers",
        "|upkeep",
        "|turn|62",
        "|",
        "|t:|1712781068",
        "|switch|p2a: Hypno|Hypno, L95, M|315/315",
        "|move|p1a: Great Tusk|Stone Edge|p2a: Hypno",
        "|-crit|p2a: Hypno",
        "|-damage|p2a: Hypno|205/315",
        "|",
        "|-heal|p2a: Hypno|224/315|[from] item: Leftovers",
        "|upkeep",
        "|turn|63",
        "|",
        "|t:|1712781068",
        "|move|p2a: Hypno|Focus Blast|p1a: Great Tusk",
        "|-damage|p1a: Great Tusk|82/304",
        "|move|p1a: Great Tusk|Bulk Up|p1a: Great Tusk",
        "|-boost|p1a: Great Tusk|atk|1",
        "|-boost|p1a: Great Tusk|def|1",
        "|",
        "|-heal|p2a: Hypno|243/315|[from] item: Leftovers",
        "|upkeep",
        "|turn|64",
        "|",
        "|t:|1712781068",
        "|switch|p2a: Meowscarada|Meowscarada, L78, M|104/247",
        "|move|p1a: Great Tusk|Bulk Up|p1a: Great Tusk",
        "|-boost|p1a: Great Tusk|atk|1",
        "|-boost|p1a: Great Tusk|def|1",
        "|",
        "|upkeep",
        "|turn|65",
        "|",
        "|t:|1712781068",
        "|move|p2a: Meowscarada|U-turn|p1a: Great Tusk",
        "|-start|p2a: Meowscarada|typechange|Bug|[from] ability: Protean",
        "|-resisted|p1a: Great Tusk",
        "|-damage|p1a: Great Tusk|67/304",
        "|",
        "|t:|1712781068",
        "|switch|p2a: Hypno|Hypno, L95, M|243/315|[from] U-turn",
        "|move|p1a: Great Tusk|Earthquake|p2a: Hypno",
        "|-damage|p2a: Hypno|23/315",
        "|",
        "|-heal|p2a: Hypno|42/315|[from] item: Leftovers",
        "|upkeep",
        "|turn|66",
        "|",
        "|t:|1712781068",
        "|move|p2a: Hypno|Toxic|p1a: Great Tusk",
        "|-status|p1a: Great Tusk|tox",
        "|move|p1a: Great Tusk|Bulk Up|p1a: Great Tusk",
        "|-boost|p1a: Great Tusk|atk|1",
        "|-boost|p1a: Great Tusk|def|1",
        "|",
        "|-heal|p2a: Hypno|61/315|[from] item: Leftovers",
        "|-damage|p1a: Great Tusk|48/304 tox|[from] psn",
        "|upkeep",
        "|turn|67",
        "|",
        "|t:|1712781068",
        "|switch|p2a: Meowscarada|Meowscarada, L78, M|104/247",
        "|move|p1a: Great Tusk|Earthquake|p2a: Meowscarada",
        "|-resisted|p2a: Meowscarada",
        "|-damage|p2a: Meowscarada|0 fnt",
        "|faint|p2a: Meowscarada",
        "|",
        "|-damage|p1a: Great Tusk|10/304 tox|[from] psn",
        "|upkeep",
        "|",
        "|t:|1712781068",
        "|switch|p2a: Magnezone|Magnezone, L85|258/258",
        "|turn|68",
        "|",
        "|t:|1712781068",
        "|move|p2a: Magnezone|Volt Switch|p1a: Great Tusk",
        "|-immune|p1a: Great Tusk",
        "|move|p1a: Great Tusk|Close Combat|p2a: Magnezone",
        "|-supereffective|p2a: Magnezone",
        "|-damage|p2a: Magnezone|0 fnt",
        "|-unboost|p1a: Great Tusk|def|1",
        "|-unboost|p1a: Great Tusk|spd|1",
        "|faint|p2a: Magnezone",
        "|",
        "|-damage|p1a: Great Tusk|0 fnt|[from] psn",
        "|faint|p1a: Great Tusk",
        "|-end|p1a: Great Tusk|Protosynthesis|[silent]",
        "|",
        "|win|RandomPlayer 21",
        "|upkeep",
        "|raw|RandomPlayer 22's rating: 1076 &rarr; <strong>1063</strong><br />(-13 for losing)",
        "|raw|RandomPlayer 21's rating: 1072 &rarr; <strong>1111</strong><br />(+39 for winning)",
        ""
    ],
    "p1rating": 1063.4220952183703,
    "p2rating": 1110.6210867830073,
    "endType": "normal",
    "timestamp": "Wed Apr 10 2024 13:31:08 GMT-0700 (Pacific Daylight Time)",
    "roomid": "battle-gen9randombattle-233",
    "format": "gen9randombattle"
}
